3000 4859
534 341 716 412 8812

1229 359 1300 408 0.
1342 355 1709 408 oonNBLn
1755 357 2016 407 ‘ritem

532 506 818 567 terarum
835 504 1118 568 morata*
1148 498 1270 568 viri
1294 500 1536 585 pariter
1554 518 1640 566 ac
1667 499 1963 566 foeminae
1994 501 2312 584 ignorant.
2401 491 2744 566 Pauciaei-

534 666 806 720 munibus
837 667 1097 730 ἱιιωςιιίἱιι.
1158 665 1465 718 Felicissime
1496 671 1873 733 perpetrantur
1887 671 2071 731 stupra,
2088 671 2149 717 ut
2189 665 2245 715 ia
2285 668 2424 716 tanta
2440 665 2743 718 neuim-e

1530 817 1748 871 NOTAE

602 957 628 987 v
657 950 930 1003 literar-um
947 946 1152 1013 uereta]
1185 950 1362 1004 Quare
1382 949 1481 1000 boc
1500 963 1605 999 ma·

539 1027 814 1091 trimoniis‚
868 1033 960 1076 aut
995 1026 1247 1092 pudicitia·
1294 1026 1564 1076 interserit
1587 1026 1608 1075 ἓ

540 1103 665 1169 quia
687 1103 802 1153 scil.
823 1109 879 1151 et
892 1102 1059 1152 literis
1077 1101 1284 1151 occulte
1305 1101 1471 1150 missis
1493 1114 1607 1150 cor-

543 1177 712 1240 rumpi
731 1175 955 1225 foeminae
996 1177 1185 1237 solent,
1222 1175 1359 1224 sicut
1383 1175 1448 1225 de
1473 1175 1607 1226 ludin

544 1260 600 1304 et
623 1252 870 1304 conviviis
896 1252 1125 1315 praeivit.
1179 1251 1391 1315 Lipsius.

606 1327 881 1378 Literni-um
913 1325 1114 1389 secreta]
1184 1326 1363 1376 Prussi
1404 1331 1610 1376 veteres

543 1404 776 1456 Deorum
788 1402 955 1451 instar
974 1402 1265 1463 coluerunt,
1288 1416 1417 1465 quos
1433 1402 1611 1466 legen·

545 1478 679 1528 diet
699 1476 962 1527 scribendi
982 1476 1179 1541 peritos
1203 1476 1462 1538 videbant,
1509 1485 1612 1526 tes-

546 1552 615 1602 tis
637 1551 1030 1615 Hennegebert.
1052 1551 1142 1602 lib.
1180 1552 1246 1601 de
1283 1559 1391 1601 vet.
1427 1552 1610 1601 Prusa.

547 1634 605 1679 ot
625 1627 722 1677 boc
744 1641 988 1677 “canum
1006 1627 1283 1678 wne-lam
1297 1628 1496 1678 dictum
1513 1634 1615 1691 est,

549 1704 618 1754 ab
635 1703 860 1769 antiquis
877 1705 1039 1755 etiam
1059 1705 1274 1755 Latinis.
1294 1705 1435 1771 quod
1464 1705 1618 1755 mira-

551 1781 721 1832 culum
740 1794 828 1830 eos
845 1782 1039 1845 primus
1061 1782 1239 1832 docuit
1256 1781 1517 1832 Evander.

615 1857 888 1907 morarum
933 1857 1138 1919 seen-ela]
1200 1857 1362 1907 Nulla
1419 1858 1617 1922 scripta

549 1930 795 1983 historia:
838 1931 1123 1982 narrabant
1163 1938 1339 1995 patres
1381 1931 1524 1995 filiis,
1560 1934 1616 1983 bi

552 2014 760 2072 patrum
810 2006 1099 2070 nepotibus.
1147 2008 1209 2057 C.
1250 2007 1433 2057 Fannii
1481 2005 1618 2072 frag·

552 2088 784 2132 mentum
824 2087 906 2133 est
938 2080 1076 2146 apud
1116 2082 1363 2145 Nonium,
1389 2083 1530 2147 quod
1550 2082 1618 2132 de

553 2158 643 2207 illo
665 2155 939 2208 Annalium
963 2171 1152 2221 genere
1175 2157 1341 2220 possit
1357 2157 1614 2219 intelligi:

553 2235 570 2262 ⁸
594 2232 789 2296 Siquid
813 2247 845 2281 a
867 2233 1168 2296 parentibus
1190 2237 1480 2295 acceptum,
1500 2246 1619 2295 pro·

556 2309 694 2358 tinus
716 2307 923 2372 &ntiqui
955 2307 1215 2357 memoria
1252 2306 1618 2357 tradiderunt!

622 2383 867 2434 Carmina
896 2382 1003 2445 illa,
1038 2393 1155 2447 que
1175 2383 1365 2445 passim
1393 2382 1621 2432 historias

559 2472 666 2509 suae
710 2458 1011 2509 interseruit
1052 2458 1214 2519 Saxo,
1254 2471 1324 2506 ex
1370 2456 1624 2520 ejusmodi

560 2535 756 2585 saxosis
780 2534 993 2598 rupibus
1013 2531 1249 2583 deaumta
1260 2546 1375 2582 esse
1392 2547 1453 2582 ac
1475 2546 1626 2583 versa

560 2610 674 2674 ipse
701 2608 915 2660 fatetur.

623 2686 750 2734 Sero
771 2685 910 2748 apud
931 2685 1216 2738 Germanos
1245 2685 1446 2735 Latino
1467 2685 1624 2736 etiam

560 2759 731 2810 literas
751 2765 981 2822 recepta
1001 2765 1120 2810 sunt
1137 2760 1233 2811 snb
1263 2760 1542 2810 Frederico
1563 2774 1625 2810 ιι.

560 2840 622 2886 ut
663 2833 844 2884 scribit
880 2832 1190 2884 Aventinus.
1255 2835 1392 2885 Nam
1435 2840 1491 2885 et
1531 2834 1627 2898 ipsi

563 2908 790 2964 Annales
833 2923 954 2958 suos
1001 2907 1091 2959 filo
1146 2910 1371 2973 quodam
1415 2910 1626 2973 poetico

563 2986 935 3036 contexebant.
991 2986 1207 3036 colorus.

630 3062 681 3111 N
687 3075 754 3110 on
777 3060 842 3111 de
864 3061 1068 3124 studiis,
1090 3062 1183 3111 sed
1207 3063 1373 3112 literis
1412 3062 1538 3126 ipsis
1573 3068 1632 3114 et

565 3150 743 3185 earnm
780 3136 1038 3197 scriptura
1068 3136 1446 3199 accipiendum.
1515 3138 1632 3187 Nec

566 3211 742 3262 obstat
763 3210 1066 3259 vocabulum
1089 3216 1288 3260 neretu-
1357 3213 1493 3261 Nam
1537 3212 1635 3260 eti-

568 3302 649 3337 am
670 3288 857 3353 absque
880 3283 1062 3336 studiis
1078 3287 1430 3337 consideratas
1451 3289 1630 3337 literas

567 3361 760 3427 aliquid
810 3364 1048 3426 mysterii
1087 3369 1144 3412 et
1199 3363 1389 3412 secreti
1427 3378 1536 3426 prae
1575 3378 1632 3413 se

568 3435 728 3500 ferre,
766 3444 916 3501 patet
956 3452 1024 3486 ex
1067 3438 1293 3500 eleganti
1337 3439 1630 3489 narratione

568 3513 817 3563 historica
851 3513 1003 3562 Petri
1049 3513 1217 3563 Ciezae
1244 3553 1251 3560 .
1274 3519 1347 3563 to.
1394 3526 1457 3563 u.
1505 3513 1631 3564 hist.

570 3588 731 3639 Peru.
751 3589 925 3652 capite
949 3591 1031 3637 84.

636 3662 803 3712 Rarus
848 3669 904 3712 et
946 3661 1032 3710 vix
1063 3662 1194 3711 ullas
1215 3661 1394 3711 literas
1417 3661 1636 3713 Germa·

572 3736 715 3787 nicas
751 3736 1095 3801 elegantiores
1117 3736 1337 3786 inveniri
1360 3744 1480 3786 ante
1506 3745 1636 3787 tem-

574 3823 703 3877 pora
717 3811 941 3862 Caesaris
962 3811 1241 3876 Rudolpbi‚
1270 3826 1456 3875 easque
1478 3813 1638 3875 majo-

575 3901 685 3938 rem
730 3895 931 3953 partem
973 3888 1172 3937 Latinis
1192 3888 1356 3936 literis
1377 3889 1635 3951 scriptun

576 3965 666 4030 qui
687 3964 910 4028 querelis
931 3963 1257 4013 Germanicae
1275 3964 1497 4013 nationis
1521 3977 1638 4027 per-

575 4043 764 4102 motus,
799 4038 939 4103 quod
970 4045 1284 4101 cogerentur
1327 4040 1487 4090 veluti
1538 4039 1636 4089 sub

568 4114 701 4179 jugo
742 4126 1038 4166 exterorum
1081 4112 1384 4175 scribarum,
1419 4114 1508 4178 qui
1547 4115 1641 4163 lin-

580 4203 695 4255 gue
718 4193 915 4244 Latinae
928 4191 1192 4243 notionem
1206 4190 1486 4258 habebant,
1500 4206 1642 4259 mag·

1683 964 1754 1000 na
1767 965 1886 1001 cum
1896 951 2106 1016 ‚iactura
2122 964 2292 1000 rerum
2309 962 2515 1000 suarum
2532 946 2748 1012 servire,

1686 1028 1894 1077 comitia
1947 1027 2128 1078 habuit
2181 1026 2559 1090 Nodmbergm,
2613 1038 2750 1075 anno

1633 1153 1634 1156 ,
1687 1103 1831 1152 1272.
1880 1102 1969 1152 ubi
2010 1103 2233 1152 omnium
2271 1101 2508 1151 ordinum
2547 1100 2752 1165 imperii

1684 1176 1914 1225 unanimi
1956 1190 2209 1226 consensu
2240 1176 2509 1225 decretum
2553 1183 2655 1237 est,
2691 1179 2755 1225 ut

1688 1251 1938 1315 deinceps
1960 1253 2012 1301 in
2037 1252 2360 1302 cancellariis
2391 1258 2449 1301 et
2475 1251 2754 1302 contracti·

1689 1328 1786 1378 bns
1805 1328 2173 1379 Germanicum
2192 1328 2384 1378 idioma
2415 1327 2757 1390 reciperetur,

1690 1403 1988 1452 observavit
2022 1403 2345 1454 Camerarius
2378 1402 2586 1453 snbsec.
2610 1407 2753 1454 cent.

1691 1482 1741 1529 8.
1764 1479 1938 1542 capite
1955 1484 2042 1528 66.
2100 1479 2444 1541 Ber-aenens.

1757 1543 1973 1619 Secreta]
2008 1554 2207 1607 Quibus
2246 1568 2355 1603 usae
2395 1552 2447 1600 in
2489 1550 2756 1602 lasciviam

1691 1627 1915 1680 foemlnoe
1949 1630 2211 1680 Romane.
2274 1626 2552 1677 Suetonius
2571 1625 2640 1675 de
2662 1626 2761 1677 Ni·

1693 1705 1778 1755 cia
1810 1721 1824 1753 t
1882 1707 1899 1734 ⁸
1924 1704 2054 1755 Cum
2112 1703 2377 1753 codicillos
2414 1701 2651 1750 Memmii
2690 1700 2757 1750 ad

1693 1780 1931 1843 Pompeii
1951 1791 2167 1828 uxorem
2203 1777 2270 1827 de
2307 1785 2488 1841 stupro
2512 1776 2760 1839 pertulis-

1694 1854 1811 1914 set‚'
1834 1858 1933 1904 stc.
1968 1853 2159 1914 Notus,
2192 1850 2432 1901 ‘libellus
2455 1863 2645 1914 parvus
2669 1849 2762 1899 ali·

1695 1929 1833 1981 unde
1876 1929 2065 1978 allatus
2107 1928 2161 1976 iu
2201 1925 2449 1976 senatnm'
2487 1924 2761 1975 altercanti

1695 2019 1813 2057 oum
1849 2005 2047 2055 Catone
2094 2002 2306 2064 Caesari,
2331 2015 2482 2065 quem
2517 2001 2607 2049 ille
2641 2014 2762 2050 cum

1694 2081 2040 2145 poposcisset,
2060 2092 2294 2144 qnaerens
2326 2076 2447 2125 inde
2467 2075 2760 2125 adversario

1696 2155 1961 2218 invidiam,
2008 2155 2026 2185 ‘
2067 2155 2277 2219 agnovit
2322 2167 2456 2218 esse·
2483 2152 2763 2215 epistolam

1698 2232 2030 2295 impudicam,
2060 2244 2212 2295 quam
2236 2228 2503 2279 scribebat
2539 2227 2764 2277 Servilia

1698 2322 1843 2357 soror
1885 2306 2099 2357 Catonis
2121 2306 2204 2354 'ad
2264 2306 2542 2365 Caesarem,
2586 2316 2764 2353 amans

1699 2383 1863 2445 illum,
1905 2387 1960 2432 et
1993 2381 2060 2430 ab
2096 2383 2206 2444 ipso
2228 2380 2291 2429 ad
2314 2388 2550 2442 stuprum
2571 2377 2766 2442 pellec-

1703 2463 1758 2508 ta
1778 2458 1811 2519 ς’
1853 2457 2003 2506 testis
2031 2456 2231 2506 Plutar.
2267 2447 2554 2504 Martialis:
2587 2453 2605 2480 ‘
2630 2454 2764 2503 Cum

1702 2547 1759 2583 se
1775 2540 2046 2583 venturam
2065 2531 2258 2581 scribet
2280 2532 2445 2580 amica
2466 2528 2599 2580 tibi?
2635 2530 2767 2579 Gro-

1702 2623 1879 2658 nomas.

1768 2685 1970 2734 Literas
1988 2687 2040 2733 et
2064 2683 2255 2745 studia,
2280 2682 2371 2731 sed
2404 2681 2669 2744 praecipne
2693 2677 2770 2728 fo-

1705 2759 1891 2821 rensia,
1907 2771 2102 2808 summo
2117 2758 2234 2806 odio
2247 2757 2469 2806 habuere
2487 2755 2732 2806 Germani
2750 2768 2768 2816 ς

1707 2841 1763 2885 et
1793 2835 2013 2883 maxime
2048 2834 2259 2882 saeviere
2296 2833 2349 2881 in
2405 2833 2682 2882 advocatos
2711 2835 2770 2880 et

1707 2911 1911 2962 rabulas
1952 2912 2099 2960 Rom.
2123 2923 2239 2958 cum
2260 2908 2510 2957 varianas
2531 2907 2767 2970 legiones

1711 2987 2068 3052 profligarunt,
2121 2992 2261 3035 teste
2317 2984 2490 3033 Floro.
2523 2982 2770 3032 ‘Utinam

1711 3061 1916 3111 rabulas
1951 3075 2127 3110 omnes
2159 3073 2260 3108 uno
2283 3058 2370 3108 illo
2394 3056 2575 3122 praelio
2594 3054 2771 3106 confe-

1712 3138 1907 3187 cissent
1927 3137 2049 3187 boni
2073 3136 2327 3186 Barbaril

1775 3211 2044 3261 Literni-um
2064 3212 2264 3274 nereca]
2320 3210 2405 3261 Sic
2444 3216 2616 3270 vocat,
2649 3208 2774 3273 quia

1713 3301 1809 3350 per
1851 3288 2029 3337 literas
2074 3294 2362 3337 commeant
2412 3300 2616 3347 arcana,
2656 3300 2773 3350 qum

1711 3364 1845 3411 baud
1888 3363 2046 3411 dubie
2088 3364 2170 3412 hic
2191 3364 2364 3425 posuit
2379 3362 2617 3423 Tacitus,
2634 3361 2776 3412 inter

1711 3436 2048 3495 irritamenta,
2092 3452 2183 3486 seu
2225 3437 2524 3487 occasiones
2567 3443 2777 3500 stupro-

1713 3524 1826 3560 rum
1850 3522 1905 3559 et
1926 3509 2309 3561 adulteriorum.
2377 3513 2483 3560 Cur
2523 3511 2660 3560 enim
2699 3524 2776 3560 se-

1711 3582 1882 3635 creta?
1915 3600 2011 3635 cur
2047 3593 2164 3651 post
2200 3586 2470 3637 illecebras
2508 3592 2564 3636 et
2604 3586 2776 3636 irrita·

1712 3667 1886 3710 menta
1908 3662 2172 3723 epularum
2209 3661 2385 3710 statim
2423 3662 2515 3710 illa
2551 3661 2665 3711 baec
2689 3660 2780 3710 ad-

1706 3735 1906 3799 jungit.
1972 3737 2041 3785 Et
2058 3743 2204 3787 certe
2231 3737 2402 3800 potuit
2431 3737 2515 3785 hic
2540 3743 2778 3800 repetere

1718 3825 1834 3874 quo
1877 3824 2035 3875 supra
2056 3810 2191 3860 dixit
2206 3811 2272 3860 de
2294 3826 2420 3860 auro
2447 3818 2506 3860 et
2521 3819 2739 3875 argento
2760 3828 2777 3862 ι

1717 3885 1896 3938 literas
1931 3889 1947 3914 ‘
1972 3886 2184 3950 propitii
2217 3901 2282 3936 an
2305 3887 2424 3936 irati
2464 3886 2537 3935 dii
2560 3900 2781 3949 negave-

1719 3962 1844 4024 rint,
1875 3961 2058 4011 dubito
2076 3962 2109 4013 ε’
2144 3962 2259 4026 quis
2287 3962 2422 4012 enim
2462 3976 2565 4010 non
2605 3962 2785 4011 remit-

1721 4044 1802 4088 tat
1820 4036 2131 4088 beneficium
2169 4038 2269 4087 arti
2291 4045 2348 4086 et
2375 4037 2635 4087 inventori
2664 4051 2784 4102 suo,

1718 4114 1764 4162 si
1803 4113 2087 4162 adverterit
2128 4112 2197 4162 ad
2236 4119 2316 4162 tot
2336 4113 2457 4162 lites
2477 4119 2701 4162 aetems
2722 4119 2781 4165 et

1721 4188 1981 4255 exitiales,
2002 4193 2083 4239 tot
2104 4187 2388 4240 domestica
2405 4188 2563 4254 bella,
2589 4194 2680 4240 tot
2699 4201 2780 4239 re·
