3000 4859
117 228 617 456 Ns.

1003 390 1420 454 antioona,
1461 394 1555 443 os
1566 392 1633 445 P.
1672 379 1786 445 45.

1295 603 1517 657 Nom

287 725 428 787 ziani
466 741 584 779 cam
626 743 788 783 uxore
823 730 1090 785 tanseat!
1141 732 1358 789 Baeton.

293 817 342 853 e.
367 807 447 853 10.
465 803 739 855 Rhenanus.
771 805 910 858 Quid
926 806 1358 872 sibivnlt,aostrae

293 876 501 931 mas?
534 880 682 930 Nihil
710 897 834 932 sane
856 882 1017 946 aliud,
1039 897 1192 949 quam
1212 898 1355 936 seua-

291 960 437 1007 tores
457 970 489 1007 a
509 958 833 1011 aenatoribus
867 969 1138 1013 accusatos
1174 959 1354 1027 fnisse,

293 1039 351 1085 et
371 1031 440 1083 ad
459 1047 643 1085 necem
682 1035 988 1099 postulatos.
1038 1037 1195 1091 Tales
1219 1039 1356 1090 Pub.

294 1108 443 1161 Certi
464 1112 695 1162 amin
714 1110 1014 1167 Helvidium
1036 1112 1200 1167 fuere.
1221 1116 1356 1169 Rex.

285 1184 427 1241 leun.
499 1187 552 1236 N
555 1202 674 1239 emo
710 1190 956 1243 haetenus
996 1193 1352 1247 accusationes

291 1267 384 1312 sut
405 1262 694 1317 delationes
715 1272 921 1331 patrum
941 1269 1228 1333 appellavit
1253 1286 1354 1323 nse-

287 1353 394 1390 aus.
453 1341 612 1392 Certe
648 1358 815 1397 sams
853 1345 1050 1407 inserts,
1085 1353 1144 1398 et
1183 1363 1351 1399 num

286 1420 465 1465 m
510 1418 705 1483 duxere,
755 1421 836 1482 ξι.
875 1430 1106 1486 arguunt
1157 1424 1352 1489 aliquid

283 1491 456 1555 nugis
477 1507 672 1543 savum
695 1501 752 1545 et
771 1503 942 1559 mox,
975 1498 1261 1561 prasertim
1299 1499 1352 1549 in

289 1567 452 1617 curia.
518 1569 676 1620 Certe
714 1584 891 1625 manus
925 1570 1083 1624 fnisse
1113 1568 1354 1638 injectas,

289 1648 382 1691 ant
402 1648 551 1693 certe
577 1659 723 1710 saepe
751 1645 1039 1699 intentatas
1061 1664 1092 1698 a
1113 1648 1351 1713 patribus

283 1715 510 1771 invicem
550 1721 605 1770 in
649 1729 852 1785 senatu,
894 1730 1102 1775 constat
1142 1739 1209 1776 ex
1228 1727 1351 1779 Tac.

285 1791 434 1852 hist.
455 1796 493 1844 l.
517 1809 594 1846 ιν.
618 1804 675 1847 et
693 1798 809 1849 aliis
827 1800 1018 1862 passim
1038 1801 1185 1851 locis.

351 1870 657 1935 Helvidhas]
687 1873 846 1925 Arria
866 1891 996 1926 uxor
1007 1877 1269 1941 Thraseae,
1296 1882 1352 1927 et

285 1945 487 1999 Fannia
522 1947 631 2001 filia
667 1950 775 2015 ejus
807 1949 914 2002 fuit
946 1966 1080 2001 uxor
1119 1952 1353 2005 Helvidii

285 2021 453 2083 patris
483 2026 544 2071 et
581 2037 807 2075 noverca
844 2025 1081 2076 Helvidii
1104 2024 1350 2090 junioris,

285 2101 344 2163 et
364 2094 558 2146 Anteia
578 2095 680 2148 fuit
701 2112 833 2149 uxor
853 2099 1087 2164 ejusdem
1117 2097 1352 2151 Helvidii

283 2170 390 2223 filii.
424 2171 563 2222 Vide
587 2173 745 2223 Plinii
777 2175 947 2240 Epist.
971 2177 1003 2226 l.
1025 2188 1107 2227 u.
1128 2179 1210 2226 ls.
1266 2176 1353 2226 Ad

281 2262 396 2297 tem
441 2249 598 2305 etiam
653 2249 792 2299 Plin.
839 2251 1016 2314 Epist.
1056 2252 1096 2302 l.
1128 2264 1225 2301 vu.
1268 2256 1350 2305 19.

281 2322 298 2350 ‘
323 2324 497 2374 Doleo
555 2325 692 2375 enim
752 2325 1027 2375 maximam
1090 2323 1352 2379 foeminsn

281 2398 581 2464 [Fanniam]
614 2400 750 2464 eripi
785 2401 949 2450 oculis
983 2400 1229 2464 civitatis,
1265 2415 1350 2450 ne-

281 2475 392 2527 scio
429 2491 496 2527 an
529 2476 724 2542 aliquid
757 2476 922 2527 simile
955 2476 1153 2526 visuris.
1218 2478 1352 2529 Quae

281 2550 499 2601 castitas
515 2550 619 2600 illi?
650 2565 768 2615 quoe
786 2549 1067 2600 sanctitas?
1104 2565 1217 2615 quie
1236 2564 1352 2615 gra-

283 2624 453 2674 vitas?
485 2630 682 2691 quanta
718 2624 1047 2675 constantia?
1088 2623 1166 2675 bis
1204 2625 1354 2674 mari·

284 2706 394 2750 tum
418 2708 601 2751 secuta
621 2701 675 2750 in
698 2700 908 2750 exitium
931 2706 1031 2765 est,
1062 2700 1220 2750 tertio
1243 2702 1352 2765 ipsa

281 2783 501 2841 propter
516 2775 760 2825 maritum
776 2775 1036 2839 relegata:
1075 2775 1211 2824 Nam
1235 2789 1350 2824 enm

281 2851 504 2901 Senecio
527 2865 644 2901 reus
664 2859 822 2913 esset,
844 2850 983 2914 quod
1007 2848 1074 2898 de
1093 2849 1204 2898 vita
1227 2849 1356 2900 Hel·

283 2929 408 2979 vidii
426 2928 643 2994 [patris]
676 2928 832 2978 libros
856 2926 1245 2991 composuisset,
1268 2941 1350 2978 ro·

1435 735 1679 799 sumpts
1698 750 1979 802 sumamus,
2001 753 2153 803 quam
2191 739 2267 790 sic
2291 755 2507 795 cernen-

1438 817 1517 865 tes
1573 812 1952 879 audientesque
1995 813 2261 880 miremur,
2295 825 2353 867 ut
2393 818 2508 869 illas

1433 903 1552 953 qnoe
1570 888 1858 953 leguntur!

1497 963 1596 1017 Bis
1621 964 1846 1015 mitam
1868 962 2148 1015 Helvidium
2181 969 2341 1016 ucula
2374 967 2507 1016 Fan·

1432 1038 1538 1102 nis,
1559 1053 1746 1105 nempe
1782 1039 2069 1104 relegatum
2094 1041 2259 1105 primo
2282 1041 2378 1090 sub
2400 1042 2507 1093 Ne-

1432 1129 1580 1178 rone,
1616 1130 1738 1167 cum
1780 1116 1888 1167 scil.
1927 1117 2128 1167 occisus
2170 1124 2251 1167 est
2283 1117 2509 1167 Thrasea

1433 1196 1588 1259 pater
1606 1191 1769 1255 illius,
1790 1192 1908 1242 dein
1929 1192 2024 1242 sub
2033 1194 2370 1258 Vespasiano,
2387 1208 2507 1244 cum

1431 1267 1645 1319 tandem
1666 1269 1869 1318 occisus
1893 1274 1975 1319 est
1995 1270 2112 1334 ipse
2124 1269 2396 1320 Helvidius
2418 1284 2509 1334 pa-

1434 1348 1517 1391 ter
1538 1342 1591 1392 in
1614 1343 1700 1393 via
1722 1351 1814 1394 aut
1848 1343 2043 1405 exiiio;
2083 1359 2183 1393 non
2217 1351 2403 1409 sponte
2427 1351 2506 1395 ta-

1431 1431 1553 1468 men
1573 1419 1897 1484 Vespasiani,
1937 1420 2025 1484 qui
2067 1419 2317 1485 deceptus
2357 1426 2439 1470 est
2474 1434 2507 1470 a

1430 1494 1691 1557 magistris
1711 1495 2091 1559 dominationis,
2108 1496 2195 1561 qui
2216 1495 2521 1546 retulerunt

1432 1570 1665 1633 periisse.
1702 1571 1919 1621 Sueten.
1960 1575 2041 1621 15.
2104 1570 2121 1598 ‘
2144 1570 2328 1634 Magni
2368 1570 2505 1621 aesti-

1431 1645 1594 1696 mavit
1631 1660 1843 1696 servare
1880 1660 2089 1711 quoquo
2122 1646 2295 1710 modo,
2336 1646 2504 1696 missis

1431 1722 1521 1785 qui
1562 1736 1896 1786 percussores
1934 1728 2266 1785 revocarent,
2302 1729 2360 1772 et
2400 1738 2504 1773 ser·

1432 1805 1622 1860 inisset,
1655 1799 1751 1848 nisi
1775 1799 1888 1863 Jam
1915 1799 2129 1864 periisse
2150 1797 2278 1850 falso
2300 1801 2504 1850 nuntia-

1430 1878 1543 1923 tum
1565 1873 1743 1925 esset.’
2488 1938 2495 1945 ‘

1497 1946 1658 2000 Tertio
1678 1951 1784 2014 ipsa
1810 1953 2008 2014 propter
2029 1950 2256 2000 mas-itam
2278 1951 2506 2016 relegata,

1428 2037 1615 2090 nempe
1630 2024 1726 2076 sub
1742 2026 2044 2077 Domitiano
2060 2043 2076 2087 ς
2103 2026 2223 2090 quia
2239 2026 2347 2076 scil.
2368 2040 2504 2077 com-

1427 2101 1706 2152 mentarios
1750 2103 1879 2163 vitae
1930 2099 2169 2153 Helvidii
2228 2100 2504 2155 Senecioni

1431 2174 1696 2241 scripturo
1737 2176 2149 2241 suppeditasset.
2213 2176 2371 2227 Haud
2412 2177 2505 2227 du·

1431 2250 1519 2302 bie
1535 2252 1683 2302 simul
1707 2258 1763 2302 et
1782 2254 2011 2317 relegata
2034 2260 2202 2304 mater
2222 2254 2385 2318 ipsius
2402 2253 2504 2305 Are

1434 2327 1513 2376 ria
1534 2327 1628 2377 sub
1651 2328 1889 2391 Nerone,
1927 2334 2019 2379 ant
2052 2328 2192 2392 fugit
2223 2329 2362 2379 ultro
2384 2344 2502 2381 cum

1430 2401 1569 2466 filia5
1602 2403 1723 2453 dein
1755 2409 1944 2467 sponte
1985 2417 2040 2454 et
2073 2405 2230 2455 etiam
2269 2405 2504 2470 relegata

1431 2478 1546 2542 ipsa
1580 2479 1809 2529 secundo
1844 2485 1902 2527 et
1943 2480 2120 2541 tertio,
2158 2493 2276 2530 cnm
2298 2479 2423 2543 filia,
2446 2486 2503 2531 et

1433 2558 1544 2603 tum
1567 2553 1734 2604 adhuc
1753 2553 1938 2603 vixisse
1954 2552 2183 2603 videtur.
2217 2554 2351 2603 Nam
2375 2554 2503 2621 ibid,

1432 2627 1567 2680 infra
1585 2630 1723 2680 Plin.
1791 2630 1808 2658 ‘
1832 2631 1946 2695 Ego
1969 2628 2214 2679 solatium
2248 2630 2500 2696 relegata·

1430 2718 1565 2767 rum,
1598 2719 1696 2770 ego
1728 2707 1867 2755 ultor
1900 2719 2224 2756 reversatum
2244 2704 2282 2755 ε’
2323 2721 2502 2772 quam-

1433 2779 1507 2828 vis
1532 2779 1742 2830 obiisset
1763 2781 1895 2845 ipsa,
1929 2795 2046 2830 cum
2067 2780 2202 2830 hanc
2224 2781 2501 2846 epistolam

1432 2858 1513 2904 19.
1534 2855 1793 2905 scriberet
1815 2855 2039 2906 Plinius.
2083 2856 2204 2918 Ipsa
2227 2857 2383 2906 etiam
2400 2857 2502 2907 Ar-

1432 2928 1513 2978 ria
1549 2928 1761 2979 vivebat
1803 2928 1990 2993 adbuc,
2032 2944 2149 2979 cum
2193 2930 2501 2985 Helvidium

280 3012 560 3073 flatumque
593 3020 650 3057 se
672 3020 704 3054 a
723 3004 924 3055 Fannia
959 3004 1012 3053 in
1047 3001 1351 3054 defensione
1422 3003 1683 3067 juniorem
1716 3003 1854 3054 uitus
1888 3010 1969 3054 est
2002 3003 2290 3064 Secundus,
2313 3006 2402 3070 qui
2423 3006 2500 3057 sic

281 3081 519 3145 dixisset,
556 3087 809 3146 querente
851 3079 1124 3130 minaciter
1156 3079 1349 3129 Mettio

281 3157 436 3220 Caro,
489 3157 576 3207 An
616 3155 888 3220 rogasset?
928 3154 1213 3221 respondit,
1251 3156 1349 3205 Ro·

281 3235 416 3297 gavi.
467 3233 552 3284 An
568 3231 973 3283 Commentarios
991 3232 1245 3295 scripturo
1263 3232 1351 3281 de-

281 3310 480 3360 disset?
541 3309 697 3359 Dedi.
776 3307 857 3356 Au
898 3307 1100 3357 sciente
1142 3309 1349 3357 matre?

281 3379 585 3437 Nescient'e.
640 3384 915 3434 Postremo
954 3384 1146 3434 nuliam
1169 3397 1347 3434 vocem

279 3462 554 3513 cedentem
585 3460 826 3525 periculo
855 3458 1058 3509 emisitz
1095 3459 1217 3523 quin
1250 3459 1346 3508 eti-

281 3552 362 3597 am
400 3538 519 3588 illos
557 3537 697 3601 ipsos
735 3536 916 3598 libros,
948 3550 1240 3601 quanquam
1279 3551 1348 3585 ex

278 3612 593 3665 necessitate
630 3619 684 3661 et
713 3618 855 3661 metu
893 3619 1183 3674 temporum
1223 3609 1346 3660 abo·

276 3689 399 3739 litos
411 3688 874 3750 senatusconsulto,
885 3686 1163 3749 publicatis
1180 3686 1343 3748 bonis,

280 3765 530 3824 servavit,
564 3763 762 3825 babuit,
802 3764 1026 3827 tulitque
1060 3763 1111 3811 in
1135 3762 1345 3811 exilium

279 3838 420 3893 exilii
464 3853 689 3889 causam.
756 3839 952 3888 Eadem
982 3854 1135 3904 quam
1160 3840 1344 3901 jucun·

280 3915 364 3979 da,
386 3930 541 3980 qnam
564 3914 742 3977 comis,
763 3929 915 3979 qnam
940 3915 1164 3978 denique
1181 3913 1344 3979 (quod

281 3991 460 4056 paneis
475 3990 654 4040 datum
671 3988 778 4053 est)
791 4004 895 4039 non
911 3991 1077 4038 minus
1087 3990 1347 4067 piabilis,

280 4081 431 4131 quam
458 4064 778 4114 veneranda!
828 4079 924 4113 nec
966 4079 1117 4129 quam
1164 4072 1345 4126 postes

278 4140 521 4209 uxoribus
559 4141 749 4191 nostris
789 4148 1055 4189 ostentare
1080 4139 1347 4204 possimus,

279 4217 401 4283 erit,
438 4231 471 4266 a
513 4230 618 4284 qua
641 4215 736 4267 viri
781 4230 986 4283 quoque
1024 4214 1346 4269 fortitudinis

1430 3078 1592 3129 habet
1633 3078 1799 3143 Epist.
1841 3091 1925 3128 rx.
1973 3083 2054 3129 13.
2120 3081 2497 3135 ‘Destinatnm

1429 3162 1512 3206 est
1533 3190 1546 3205 .
1565 3190 1579 3205 .
1598 3190 1612 3207 .
1634 3154 1757 3205 mibi
1786 3156 2029 3206 maritum
2052 3162 2197 3207 tuum
2233 3172 2332 3207 non
2371 3158 2503 3209 inul-

1430 3238 1539 3282 tum
1572 3232 1702 3295 pati,
1735 3231 1919 3281 nuntia
1951 3230 2119 3283 Arriae
2159 3241 2217 3283 et
2246 3232 2496 3287 Fanniae!

1430 3307 1516 3357 Ab
1537 3307 1693 3357 exilio
1716 3307 1999 3359 redierant.
2017 3307 2263 3359 Anteiam
2286 3311 2500 3377 alloqui-

1429 3388 1536 3433 tur.

1493 3459 1685 3508 Nostra
1708 3493 1722 3508 .
1739 3494 1751 3509 .
1771 3494 1784 3508 .
1803 3493 1816 3508 .
1839 3459 2028 3523 munus]
2081 3460 2165 3510 Sic
2204 3459 2317 3511 fere
2358 3463 2497 3526 apud

1426 3533 1571 3582 Suet.
1590 3534 1704 3583 Cal.
1726 3537 1808 3583 28.
1843 3536 1858 3562 ‘
1884 3535 2011 3583 Cum
2047 3534 2272 3599 discerpi
2293 3544 2498 3587 senato-

1425 3620 1531 3657 rem
1567 3608 1898 3672 concupisset
1942 3608 2027 3671 [C.
2063 3609 2281 3673 CaesarJ,
2318 3611 2497 3661 subor-

1424 3683 1586 3744 navit,
1625 3684 1714 3747 qui
1754 3683 2127 3747 ingredientem
2162 3686 2379 3749 curiam,
2418 3700 2497 3736 re-

1427 3766 1583 3821 pente
1606 3758 1804 3807 bostem
1852 3758 2115 3822 pubiicum
2156 3761 2495 3825 appellantes,

1423 3833 1750 3896 invaderent,
1803 3836 2136 3901 graphiisque
2182 3833 2493 3901 confossum,

1425 3910 1752 3961 lacerandum
1771 3912 1958 3961 ceteris
1981 3908 2287 3960 traderent.’

1473 3989 1669 4038 -Munus
1686 3989 1883 4052 ποθέν-ιε]
1942 3984 2241 4037 Helvidium
2267 3984 2491 4036 vindica-

1427 4065 1501 4113 vit
1524 4079 1641 4113 mox
1665 4066 1863 4114 Plinius
1887 4078 1979 4126 pro
2004 4061 2138 4110 virili
2163 4066 2325 4123 parte.
2349 4060 2487 4110 Piin.

1424 4138 1537 4203 ipse
1571 4141 1736 4203 Epist.
1758 4152 1837 4188 ix.
1866 4141 1944 4187 1³.
1981 4137 1996 4163 ‘
2023 4135 2214 4184 Occiso
2240 4130 2493 4183 Domitiass

1425 4229 1516 4280 no,
1533 4215 1692 4266 statui
1713 4227 1911 4265 mecum
1943 4225 2006 4261 ac
2038 4208 2339 4274 deliberavi,
2370 4224 2486 4262 esse
