3000 4859
523 403 698 472 3452

514 567 858 652 juvenum,
885 566 1004 649 qui
1031 564 1337 631 militiam
1369 567 1436 630 iu
1463 566 1811 630 lasciviam
1837 572 2120 644 vertunt,
2170 585 2381 650 neque
2408 565 2724 652 segniter,

525 666 615 731 ad
643 667 1019 752 voluptates
1048 671 1115 729 et
1143 667 1580 731 commeatus‘¹
1608 666 1866 731 titulum
1910 666 2340 731 Tribunatus⁸
2366 674 2437 732 et
2474 670 2729 734 insciti-

527 764 661 832 am‘
678 769 943 834 retulit:
993 767 1110 831 sed
1142 787 1408 831 noscere
1437 769 1905 851 provinciam‚⁸
1946 770 2136 832 nosci
2197 771 2541 847 exercitui,
2592 770 2729 834 dis-

523 888 673 933 cere
730 889 773 933 a
813 869 1060 952 peritiS,
1120 866 1333 952 sequi¹¹
1393 870 1704 951 optimos»,
1750 869 1913 933 nihil
1957 875 2262 952 appetere
2284 867 2731 954 jactatione-‚²⁸

520 969 684 1033 nihil
713 972 799 1034 ob
828 969 1242 1033 formidinem
1291 988 1616 1046 recusare,
1661 969 2016 1053 simulque}
2062 972 2304 1035 anxius
2345 978 2409 1036 et
2438 971 2723 1036 intentus

1253 423 1316 471 0.
1363 422 1727 471 commu!
1774 423 2028 472 TAolvl

517 1167 758 1218 &euthia
776 1166 1050 1230 abutantur,
1068 1182 1211 1230 aeque
1231 1169 1420 1230 ignava,
1436 1169 1655 1218 haaren
1673 1168 1961 1231 triba-atus,
1976 1175 2026 1218 et
2044 1168 2243 1218 militiae
2263 1167 2555 1231 imper-itiam
2574 1167 2723 1217 vertit

516 1234 582 1282 ad
601 1232 951 1293 obkcenenta,
991 1238 1079 1281 cat
1098 1232 1300 1281 abeundi
1321 1248 1352 1281 a
1369 1233 1526 1295 sig-nis
1554 1238 1603 1282 et
1637 1234 1843 1282 station
1874 1234 2147 1282 lieentia-.-
2178 1234 2549 1294 sedwa
2568 1233 2722 1293 regis·

517 1307 625 1346 nens
642 1311 699 1344 ae
715 1297 878 1358 socies,
910 1297 1102 1358 mosei
1121 1297 1394 1360 leg-ionibus,
1413 1298 1607 1346 instita
1627 1297 1688 1346 ab
1710 1298 1933 1358 eruditis,
1952 1297 2128 1347 sectari
2149 1298 2387 1359 egregios,
2405 1296 2526 1346 nihil
2542 1297 2721 1346 ambire

512 1374 603 1424 per
622 1362 994 1424 ostentationem,
1012 1361 1131 1410 nihil
1161 1362 1216 1409 ob
1234 1366 1410 1411 mans
1428 1375 1637 1425 renuere,
1657 1361 1882 1425 simulque
1913 1362 2095 1412 solicite
2118 1365 2166 1410 et
2187 1365 2322 1411 emate
2355 1375 2513 1422 agere.
2584 1360 2723 1409 Naa-

1445 1470 1802 1490 OOOOOOOOOOO

559 1541 668 1584 ont.
702 1535 894 1584 vellent
935 1537 1316 1585 admoveret.--2
1350 1534 1455 1586 Ms.
1492 1533 1663 1585 Varie.
1697 1538 1844 1585 8429.
1883 1539 1938 1585 et
1959 1532 2296 1597 Puteolanus,
2326 1534 2722 1595 injuratione..

569 1599 823 1661 eroaldus,
843 1599 1030 1648 omissa
1054 1600 1438 1663 praepositione,
1455 1598 2014 1663 appeterejaetationen.
2080 1598 2391 1648 Emendavit
2424 1599 2723 1660 Rhenanus,

515 1661 907 1724 objectationem.
941 1665 1259 1714 Minatianus
1283 1671 1338 1714 et
1359 1664 1982 1725 recentior-eademnam.
2014 1663 2340 1713 Erotion—8
2370 1662 2459 1712 Sic
2492 1663 2723 1726 Ryckius

517 1733 575 1777 et
614 1727 842 1779 Gronov.
863 1735 1003 1778 'cum
1040 1729 1251 1792 Bipout.
1295 1729 1569 1779 Brotierus
1603 1743 1668 1778 ex
1704 1728 1808 1778 Ms.
1839 1728 2015 1778 Vatic.
2048 1728 2437 1791 uzani-malque
2457 1732 2507 1778 et
2528 1729 2719 1778 axius.

1517 1873 1730 1925 NOTAE

584 1986 829 2037 Similiter
850 1989 1036 2039 Cicero
1072 1989 1207 2039 inter
1226 1987 1404 2040 laudes
1422 1988 1581 2038 Plan·
1721 1986 1742 2021 ¹
1777 1989 1841 2038 Et
1860 1985 2123 2049 inscitiam]
2176 1988 2312 2038 Nam
2331 1987 2485 2036 immo
2507 1999 2718 2037 necesse

515 2061 582 2111 cii
608 2077 622 2123 ς
670 2063 807 2128 quod
857 2066 874 2093 ‘
896 2065 1308 2115 adolescentulus
1350 2080 1468 2116 cum
1510 2063 1577 2115 A.
1659 2070 1758 2127 est,
1795 2070 1855 2113 ut
1894 2063 2193 2114 adolescens
2235 2062 2413 2111 statim
2439 2059 2720 2125 pernoscat

514 2137 779 2203 Torquato
797 2140 1063 2204 profectus
1086 2143 1138 2190 iu
1157 2141 1405 2204 Africam,
1423 2143 1498 2193 dc
1513 2142 1579 2192 ab
1656 2140 1833 2205 copias
1850 2140 2056 2203 imperii
2084 2145 2141 2188 et
2162 2137 2386 2202 Reipub.
2415 2144 2473 2187 et
2493 2137 2717 2187 bostium

515 2213 606 2265 illo
628 2216 946 2266 sanctissimo
970 2218 1079 2267 viro
1094 2218 1311 2267 dilectus
1330 2225 1428 2281 est,
1442 2225 1501 2268 ut
1524 2225 1580 2269 et
1658 2217 1793 2265 vires
1816 2233 1830 2276 3
1852 2216 1950 2266 boc
1968 2221 2066 2278 est,
2087 2214 2394 2279 equitatum,
2412 2212 2722 2277 peditatum,

517 2290 840 2340 contubernii
855 2293 1199 2356 necessitudo,
1218 2301 1271 2343 et
1285 2293 1581 2345 adolescen·
1659 2289 1817 2342 robur
1838 2291 2136 2352 animorum,
2157 2289 2295 2339 vires
2315 2303 2610 2353 corporum,
2635 2302 2719 2353 ge-

515 2366 611 2415 tuli
654 2366 1014 2418 modestissimi
1057 2369 1224 2433 pudor
1259 2367 1579 2434 postulavit!
1659 2383 1754 2418 nus
1790 2381 2063 2431 armorum,
2098 2366 2444 2431 disciplinam,
2467 2367 2720 2430 aerarium,

527 2439 815 2505 Virdangas.

577 2514 603 2549 ¹¹
641 2518 708 2566 Et
744 2519 1048 2583 commeatus]
1116 2521 1410 2572 Commotus
1452 2521 1578 2572 nihil

515 2598 595 2641 est
619 2593 777 2656 aliud,
810 2610 961 2659 quam
995 2596 1165 2658 venia,
1198 2607 1253 2646 et
1289 2599 1378 2660 jus
1401 2599 1579 2649 absen-

511 2668 604 2717 tiae
651 2683 682 2717 a
722 2670 902 2734 siguis,
936 2686 1192 2722 concessae
1224 2687 1254 2722 a
1292 2674 1443 2738 duce,
1484 2690 1580 2739 per

513 2757 717 2793 causam
739 2759 1128 2812 quamcumque.
1193 2748 1280 2798 Sic
1302 2757 1357 2799 et
1375 2751 1517 2803 Hist.
1536 2766 1575 2803 1.

510 2815 528 2846 ⁴
553 2818 685 2870 Pars
717 2823 961 2886 manipuli
998 2838 1175 2889 sparsa
1207 2840 1303 2891 per
1322 2841 1574 2879 commea·

513 2896 631 2946 tus-⁹
689 2897 970 2952 Gronovius.

573 2977 598 3005 θ
632 2973 839 3025 mutuas
876 2976 1185 3042 manain]
1227 2978 1292 3029 Id
1324 2978 1419 3042 sic,
1456 2979 1577 3045 quia

501 3047 799 3099 tribunatus
855 3052 994 3102 inter
1046 3053 1196 3103 initia
1261 3067 1351 3103 seu
1407 3056 1574 3117 prima

510 3123 801 3174 rudimenta
844 3125 967 3174 belii
993 3143 1008 3186 ς
1060 3128 1196 3191 quod
1247 3136 1452 3193 spectat
1502 3129 1572 3181 ad

497 3197 717 3259 juvenes
755 3201 1030 3252 nobiliores
1065 3210 1120 3253 et
1153 3205 1527 3268 splendidiores
1554 3225 1570 3271 ;

510 3273 599 3334 qui
620 3274 716 3323 boc
734 3275 895 3338 gradu
917 3292 1009 3326 seu
1032 3278 1264 3328 tirocinio
1294 3279 1358 3329 ad
1381 3282 1574 3332 altiora

509 3350 685 3399 statim
697 3352 1013 3406 nitebantur.
1062 3355 1211 3414 Inter
1229 3363 1464 3421 equestres
1482 3363 1570 3411 mi-

509 3423 642 3472 litias
663 3423 765 3476 fuit
788 3428 1075 3479 tribunatus
1094 3432 1179 3481 ille
1197 3432 1412 3484 militum
1433 3452 1445 3484 ε
1471 3436 1571 3487 sic-

511 3514 611 3564 que
631 3503 910 3565 spectabat
932 3505 996 3555 ad
1021 3507 1243 3571 juvenes
1265 3509 1568 3563 honestiores.

511 3575 687 3626 Quare
709 3584 765 3627 et
784 3580 866 3630 bic
899 3582 1134 3633 inscitiam
1156 3584 1389 3650 adjungit
1406 3588 1569 3638 tribu-

509 3650 677 3701 natui.

571 3725 782 3776 Titulim
803 3729 1107 3800 Tribunatu]
1138 3735 1277 3786 Plin.
1313 3736 1405 3788 lib.
1443 3751 1567 3789 vm.

504 3801 659 3863 epist.
683 3807 767 3853 2³.
787 3805 850 3855 de
866 3808 901 3860 J
910 3811 1027 3860 uuio
1049 3811 1225 3863 Avito.
1259 3813 1278 3842 ⁴
1304 3814 1456 3867 Quod
1478 3816 1570 3866 ille

501 3874 802 3942 obsequium
823 3882 1074 3937 Serviano
1105 3890 1432 3942 exactissimo
1457 3892 1568 3943 viro

502 3952 784 4009 praestitit?
837 3973 991 4022 quem
1046 3964 1273 4028 legatum
1327 3965 1565 4017 tribunus

499 4020 578 4072 ita
598 4025 803 4094 dilexit,
836 4040 890 4084 et
917 4038 1074 4103 cepit,
1112 4045 1172 4089 ut
1193 4054 1259 4089 ex
1284 4041 1567 4093 Germania

498 4093 555 4144 ln
587 4099 908 4160 Pannoniam
951 4121 1325 4178 transeuntem,
1365 4131 1465 4167 non
1509 4125 1567 4169 ut

1657 2445 1789 2495 uber
1826 2445 1936 2507 soli,
1977 2458 2251 2506 annonam,
2287 2458 2434 2506 opes,
2474 2442 2718 2506 inopiam,

1657 2520 2209 2583 interiora,exteriora‚
2229 2519 2456 2583 ingenia,
2481 2519 2718 2582 virtutes,

1654 2601 1803 2663 vitia,
1824 2600 1995 2649 aditus
2018 2598 2083 2648 ad
2106 2598 2443 2663 provinciam,
2481 2599 2572 2662 qui
2595 2597 2719 2648 saci·

1654 2675 1746 2738 les,
1769 2675 1857 2740 qui
1873 2673 2125 2738 difficiles,
2144 2674 2338 2724 vicinas
2364 2681 2417 2724 et
2438 2674 2721 2724 contermi-

1654 2765 1746 2800 nas
1762 2766 1824 2801 ac
1846 2749 2124 2801 foederatas
2142 2757 2324 2815 gentes
2343 2766 2357 2801 t
2378 2752 2719 2816 exploranda,

1652 2828 1858 2889 vallum,
1896 2825 2052 2890 fossa,
2085 2842 2279 2891 murus,
2311 2828 2719 2892 propugnacula,

1653 2916 1893 2952 numerus
1926 2917 1989 2952 ac
2042 2902 2209 2952 virtus
2253 2910 2715 2968 propugnatorum,

1655 2978 1857 3043 aliaque
1878 2977 2211 3042 munimenta,
2231 2978 2393 3029 ardua
2414 2986 2472 3030 et
2481 2979 2719 3044 declivia,

1654 3055 1826 3118 plana,
1862 3052 2025 3116 edita,
2057 3054 2184 3118 lata,
2211 3062 2449 3120 angusta,
2481 3056 2717 3106 locorum

1652 3145 1889 3181 accessus
1911 3137 1968 3181 et
2001 3145 2258 3196 recessus,
2293 3133 2486 3198 sylvas,
2507 3135 2719 3200 itinera,

1647 3204 1876 3272 fiumina,
1941 3209 2121 3274 maria,
2196 3216 2399 3275 portus,
2466 3213 2719 3279 emporia,

1649 3285 1746 3332 ὅτε.

1713 3363 1740 3399 8
1772 3356 1977 3407 Nascere
1994 3358 2307 3423 provi-cim]
2337 3358 2549 3414 Sallust.
2571 3367 2624 3413 2.
2649 3363 2714 3414 ad

1652 3430 1787 3482 Cres.
1827 3431 1846 3459 ‘
1870 3433 2004 3483 Mihi
2038 3434 2264 3484 studium
2291 3434 2393 3485 fuit
2416 3438 2717 3490 adolescen-

1649 3508 1776 3572 tulo,
1795 3510 1895 3558 sce.
1934 3510 2011 3559 uti
2045 3511 2302 3574 Rempub.
2326 3511 2466 3562 domi
2488 3515 2716 3564 militiae·

1647 3591 2125 3650 que,quantumque
2149 3588 2321 3649 armis,
2343 3588 2481 3653 viris,
2496 3591 2714 3655 opulen-

1649 3658 1725 3707 tia
1748 3665 1943 3722 posset,
1967 3659 2232 3724 cognitum
2253 3661 2482 3714 babere.'

1713 3733 1737 3766 Ι·
1770 3733 1938 3800 Sequi]
1970 3735 2191 3800 Imitari,
2211 3739 2460 3801 emulari,
2495 3740 2639 3793 forte
2660 3746 2715 3793 et

1648 3809 1891 3860 comitem
1916 3825 1972 3860 se
1993 3810 2120 3861 dare
2137 3814 2347 3877 optimis
2368 3815 2488 3866 illis.

1710 3883 1726 3918 ¹
1752 3886 2048 3950 Jactatione]
2082 3888 2359 3941 Rhenanus
2396 3891 2455 3940 ob
2482 3891 2715 3952 sectatio·

1645 3976 1768 4014 nem.
1831 3964 2081 4029 Venetus,
2100 3966 2480 4027 tammonem
2493 3986 2514 4029 ‚-
2548 3971 2639 4021 alii
2656 3972 2717 4023 li.

1648 4037 1727 4087 bri
1749 4038 2004 4102 particula
2034 4048 2256 4107 utraque
2288 4043 2461 4094 vacui.
2507 4044 2715 4109 Scribo,

1643 4115 2146 4178 «manvja-tatione.
2179 4118 2406 4188 Lipsius.
2446 4121 2610 4173 Forte
2628 4135 2714 4187 per

500 4173 802 4243 commilito,
815 4185 908 4235 sed
922 4192 981 4239 ut
994 4203 1165 4242 comes
1181 4197 1562 4263 assectatorque
1627 4188 1954 4250 Matium·

499 4255 837 4309 sequeretur:
