3000 4859
1276 394 1372 443 ΒΕ
1419 388 1901 445 oRA‘mlusz

1514 627 1728 680 1401*AE

508 755 626 809 quas
666 744 774 791 tam
818 738 974 791 facile
1016 746 1074 792 et
1112 755 1330 805 pronum
1369 748 1454 792 est
1487 740 1574 793 bic

503 815 734 879 mentiri,
778 829 933 882 quem
973 817 1027 867 in
1071 818 1183 868 eliis
1223 817 1370 868 libris
1411 833 1575 883 saepe.

505 892 611 944 Sed
644 893 803 943 etiam
834 893 1148 956 Pomponius
1183 894 1418 945 Sabinus.
1485 895 1576 946 lte

506 969 643 1021 enim
665 966 1000 1032 politissimus
1032 969 1451 1034 doctissimusque
1487 968 1575 1021 Pi-

509 1045 679 1098 tbaeus
711 1058 803 1094 nos
835 1042 1032 1107 docuit,
1067 1044 1223 1095 Notis
1260 1045 1327 1095 ed
1358 1045 1490 1095 bunc
1512 1045 1577 1094 li-

507 1121 717 1173 bellum.
784 1118 839 1169 Is
891 1120 1054 1184 igitur
1107 1121 1349 1183 Sabinus,
1388 1122 1575 1172 media

508 1198 679 1249 oetatis
712 1196 1115 1262 Grammaticus,
1157 1199 1211 1248 in
1257 1213 1465 1249 carmen
1508 1198 1576 1249 de

508 1276 651 1327 obitu
689 1274 1031 1334 Maecenatis3
1079 1276 1098 1305 ‘
1138 1275 1444 1340 Cornelius,'
1497 1277 1575 1327 in-

509 1354 639 1421 quit,
659 1354 677 1383 ‘
699 1353 907 1403 Tacitus
942 1352 1175 1416 appellet
1210 1354 1407 1418 scripta
1445 1355 1576 1405 Μω-

508 1427 710 1480 cenatis
759 1426 1116 1477 calamistros!
1212 1429 1329 1479 Nec
1383 1443 1575 1494 negare

510 1514 658 1561 certe
681 1523 970 1573 possumus,
1004 1509 1129 1573 quin
1163 1509 1208 1559 is
1231 1510 1377 1560 locus
1398 1511 1574 1560 bodie·

510 1600 612 1651 que
650 1585 703 1635 in
741 1584 839 1634 boc
879 1584 1057 1634 libello
1081 1592 1248 1636 extet.
1314 1580 1455 1638 Quid
1491 1588 1575 1637 di-

510 1661 654 1712 caml
689 1659 826 1710 serio
848 1666 904 1710 et
926 1660 1166 1724 ingenue,
1199 1662 1323 1712 nihil
1347 1677 1430 1713 me
1461 1678 1574 1714 cre·

512 1736 636 1787 dere
658 1736 778 1786 hnic
800 1736 1014 1799 ignobili
1038 1738 1248 1804 Sabino,
1280 1739 1367 1804 qui
1400 1754 1465 1790 ex
1485 1754 1572 1789 ve·

511 1813 611 1865 teri
649 1812 830 1875 verbo,
871 1813 1151 1864 somniavit
1182 1812 1405 1865 fortasse
1439 1815 1578 1880 qnod

507 1888 693 1940 voluit.
727 1887 868 1938 Dico
885 1903 967 1937 me
985 1904 998 1937 t
1022 1902 1141 1938 nam
1158 1890 1272 1939 aliis
1295 1889 1421 1939 nihil
1443 1904 1578 1954 prze-

435 2026 440 2032 ,
509 1964 717 2031 eoquid
740 1972 1044 2029 sequnntur.
1109 1963 1431 2015 Incommodi
1452 1964 1578 2031 quid

511 2042 632 2106 erit,
668 2042 776 2092 sive
808 2042 993 2097 Tacito
1026 2041 1330 2104 tribuamus,
1360 2041 1470 2091 sive
1492 2042 1577 2091 M.

511 2117 672 2167 Fabio
694 2117 1071 2180 Quint-tiliano,
1101 2125 1160 2166 nt
1191 2117 1313 2166 mihi
1346 2118 1468 2166 olim
1501 2116 1577 2165 vi-

513 2194 654 2244 sum?
686 2193 823 2242 Nam
846 2200 902 2241 et
923 2194 1088 2254 stylus
1110 2194 1219 2257 ipse
1242 2195 1394 2257 plane
1417 2193 1577 2256 gemi-

511 2283 640 2319 nus:
671 2274 730 2318 et
751 2267 839 2317 ille
867 2282 923 2316 se
946 2267 1026 2318 De
1045 2269 1199 2318 causis
1226 2274 1460 2333 compte
1481 2269 1576 2318 elo-

509 2345 713 2410 quentioe
734 2343 1003 2407 scripsisse
1035 2344 1151 2408 plus
1184 2358 1286 2394 uno
1307 2345 1420 2394 loco
1442 2343 1575 2394 fate-

510 2429 625 2473 tur:
661 2433 813 2485 quem
849 2420 1055 2469 titulum
1090 2419 1240 2469 valde
1275 2419 1572 2485 appositum

510 2497 620 2547 acio
660 2496 782 2544 huic
838 2502 1155 2559 argumento.
1242 2496 1575 2560 Praecipuam

509 2571 645 2622 euim
701 2571 969 2620 materiam
1034 2577 1090 2620 et
1154 2571 1296 2621 velut
1357 2569 1574 2621 fundum

513 2646 716 2712 scripti,
776 2647 875 2696 hoc
924 2645 1102 2707 fnisse,
1165 2645 1408 2695 evincunt
1463 2646 1572 2707 ilia,

512 2728 627 2790 qu'ae
663 2729 931 2786 superant,
958 2727 1013 2770 et
1055 2720 1221 2785 magis
1252 2711 1574 2782 evincerent,

510 2814 627 2865 qum
686 2814 717 2849 a
771 2798 878 2848 fine
932 2798 1135 2847 desunt.
1203 2798 1325 2862 Ipse
1377 2800 1578 2850 Meter·

512 2890 610 2925 uns
664 2875 749 2925 bic
814 2875 881 2924 ad
927 2874 1233 2925 Messalam:
1287 2875 1303 2902 ⁶
1329 2875 1575 2939 Exprime

509 2951 659 3002 nobis
696 2966 798 3001 non
836 2951 1184 3001 laudationem
1228 2952 1578 3016 antiquorum,

510 3028 602 3077 sed
647 3042 850 3091 causas,
882 3043 977 3077 cur
1015 3028 1069 3077 iu
1113 3036 1313 3079 tautum
1359 3029 1425 3079 ab
1470 3028 1577 3078 elo-

512 3105 724 3169 quentia
761 3119 937 3153 eorum
970 3105 1365 3155 recesserimus.'
1428 3105 1576 3155 AEtas

512 3187 687 3231 tamen
749 3182 1087 3233 Quinctilium
1155 3184 1310 3246 penio
1367 3184 1573 3247 grandi·

405 3290 418 3299 -
508 3270 570 3307 or
592 3255 749 3306 fuisse
781 3257 1006 3318 videtur,
1038 3273 1190 3322 quam
1209 3266 1266 3307 ut
1291 3257 1374 3307 bic
1404 3273 1571 3307 sermo

508 3330 714 3381 babitus
752 3333 817 3381 sit
855 3332 943 3382 illo
967 3333 1181 3395 juvene.
1250 3334 1435 3396 Itaque
1468 3348 1572 3382 um-

507 3406 663 3470 bigo:
698 3415 892 3456 etcum
932 3408 1096 3456 multa
1125 3406 1361 3467 dixerim,
1383 3409 1571 3458 claudo

508 3492 683 3536 tamen
723 3483 892 3532 omnia
924 3492 980 3532 et
1016 3484 1159 3548 signo
1184 3484 1279 3533 boc
1303 3498 1569 3548 responso,

505 3560 628 3610 mibi
662 3576 761 3609 non
801 3561 1015 3624 liquere.
1067 3561 1274 3625 Lipsius·
1341 3562 1568 3611 Libellus

505 3638 606 3687 iste
630 3639 782 3700 vulgo
820 3638 1133 3701 inscribitur,
1173 3640 1379 3689 Cornelii
1412 3639 1569 3688 Taciti

504 3713 677 3776 weitin
719 3712 915 3761 Rommti
949 3713 1181 3775 dialogus.
1243 3716 1439 3763 Verum
1461 3720 1569 3778 sty-

505 3789 587 3839 lus
625 3788 834 3853 hujusce
873 3788 1033 3835 libelli
1073 3788 1221 3837 nimis
1263 3790 1505 3838 abhorret
1538 3803 1571 3837 a

508 3869 644 3931 stylo
666 3866 855 3916 Taciti.
918 3864 1024 3914 Sed
1058 3880 1253 3929 quoero,
1288 3882 1407 3915 uum
1431 3868 1569 3917 idem

507 3945 672 4009 stylus
704 3945 890 3992 deceat
924 3943 1218 3992 historicum
1251 3951 1305 3992 et
1327 3944 1570 4011 dialogis-

509 4027 631 4070 ten:
668 4026 802 4069 teste
843 4021 1131 4081 Demetrio,
1167 4021 1183 4046 ‘
1206 4019 1413 4083 Dialogi
1437 4021 1573 4082 peri-

506 4096 634 4145 odus
670 4104 767 4156 est,
808 4111 925 4161 quae
963 4096 1171 4145 remissa
1208 4102 1264 4144 et
1293 4095 1574 4158 simplicior

505 4169 789 4220 historicm'
856 4172 1128 4221 Praeterea
1161 4185 1327 4235 penca
1357 4171 1569 4221 Tacitus

508 4243 594 4301 bic
614 4244 887 4311 praefatur,
906 4254 963 4297 et
983 4247 1061 4299 sic
1082 4261 1190 4299 non
1215 4247 1401 4299 mirum
1422 4246 1466 4301 si
1487 4261 1573 4303 σου

1652 743 1778 793 litus
1800 742 1916 808 ejus
1937 742 2102 808 stylus
2127 740 2213 791 vix
2250 744 2607 805 agnose-etun
2640 751 2721 789 re·

1652 820 1792 883 liqua
1827 833 1952 869 vero
1996 818 2163 868 verbis
2206 816 2500 879 πικρή-ην
2544 828 2722 863 eorum

1651 893 1830 956 refert,
1874 909 2005 959 quos
2038 893 2123 943 bic
2179 893 2451 957 loquentes
2496 888 2722 938 inducito

1652 970 1752 1020 Sed
1784 976 1910 1020 κω
1948 975 2240 1034 repugnet:
2293 968 2581 1032 praesertim
2605 980 2724 1016 cum

1653 1051 1898 1095 nascatur
1952 1045 2226 1095 Cornelius
2284 1058 2416 1093 enno
2486 1050 2724 1094 extremo

1653 1121 1877 1185 Claudii,
1900 1121 2056 1187 idque
2096 1121 2346 1185 temporis
2374 1134 2478 1185 quo
2520 1117 2725 1183 profer·

1654 1203 1799 1247 retur
1832 1197 1913 1249 bic
1951 1211 2137 1259 sermo,
2159 1210 2315 1246 annos
2357 1194 2625 1243 minimum
2647 1193 2723 1243 vi-

1652 1274 1784 1337 ginti
1806 1275 1907 1324 duo
1946 1282 2099 1323 natus
2135 1273 2222 1325 sit.
2282 1271 2391 1323 Sed
2422 1270 2547 1322 audi
2582 1270 2724 1325 Geli.

1652 1349 1741 1401 lib.
1765 1362 1823 1400 x.
1842 1353 1929 1399 28.
1973 1350 2081 1399 Ser.
2102 1349 2329 1398 Tullium
2352 1349 2368 1376 ‘
2393 1361 2587 1412 pueros
2605 1354 2724 1397 esse

1650 1427 1991 1489 existimasse,
2012 1426 2101 1490 qui
2125 1426 2348 1475 minores
2378 1428 2553 1474 esseut
2577 1423 2726 1473 aunis

1653 1507 1731 1553 17.
1755 1509 1908 1570 etque
1945 1501 2068 1551 iude
2090 1501 2159 1552 ab
2180 1515 2314 1551 anno
2352 1504 2433 1549 1⁷.
2458 1513 2588 1565 quos
2614 1498 2725 1549 ido-

1649 1593 1773 1629 neos
1799 1579 1909 1642 jam
1942 1593 2055 1628 esse
2092 1574 2399 1641 reipublicae
2436 1575 2724 1625 arbitrare-

1651 1662 1755 1719 tur,
1777 1656 1967 1706 milites
1988 1654 2286 1720 scripsisse3
2327 1666 2516 1717 eosque
2543 1650 2613 1702 ad
2635 1666 2724 1701 an·

1651 1747 1771 1782 uum
1792 1735 1874 1783 46.
1906 1732 2160 1796 juniores,
2202 1743 2461 1794 supraque
2495 1742 2616 1777 eum
2637 1741 2724 1777 an-

1654 1824 1776 1860 num
1835 1811 2062 1861 seniores
2124 1808 2448 1874 appellasse:
2532 1806 2719 1871 Itaque

1655 1903 1775 1939 cum
1810 1902 1948 1939 anno
1985 1886 2294 1951 Vespasiani
2336 1899 2410 1937 vs.
2450 1884 2721 1935 Cornelius

1654 1969 1737 2015 ΞΩ.
1758 1979 1919 2015 anuos
1938 1963 2213 2023 habuerim
2262 1962 2337 2011 sic
2362 1968 2488 2011 tunc
2509 1960 2616 2010 dici
2637 1961 2725 2009 ad-

1650 2043 1836 2091 nodum
1841 2039 2034 2102 juvenis
2046 2054 2153 2103 pre
2171 2038 2405 2102 longiore
2427 2036 2721 2101 juventutis

1651 2117 1843 2181 spatio,
1865 2116 2002 2182 quod
2040 2129 2072 2163 a
2111 2118 2191 2164 1⁷.
2215 2110 2283 2164 ad
2313 2118 2395 2163 46.
2418 2126 2611 2163 anuum
2636 2126 2723 2161 ex·

1651 2193 1986 2254 tendebatur,
2022 2199 2080 2243 et
2114 2199 2302 2241 octava
2340 2191 2424 2240 vel
2454 2204 2594 2241 none
2614 2196 2720 2239 sta-

1651 2270 1791 2319 tione
1813 2269 2116 2334 Vespasiani
2155 2274 2419 2334 quaestura
2453 2267 2613 2332 potiri
2633 2280 2724 2331 po-

1654 2347 1773 2396 tuit.
1808 2346 2092 2396 Saliaerias.
2157 2343 2300 2393 Puto
2338 2343 2467 2393 nihil
2506 2356 2718 2408 prorsus

1651 2421 1734 2471 hic
1756 2436 1890 2484 esse,
1931 2421 2067 2486 quod
2102 2420 2164 2471 C.
2186 2420 2355 2470 Taciti
2379 2418 2594 2484 phrases
2618 2425 2721 2482 sty-

1652 2499 1856 2564 lumque
1881 2498 2134 2548 redolent.
2199 2496 2303 2546 Sed
2339 2509 2439 2545 nec
2471 2496 2532 2547 F.
2557 2495 2719 2549 Quin-

1652 2573 1906 2635 tilianum,
1929 2572 2132 2622 etiamsi
2169 2579 2348 2621 cetera
2379 2570 2549 2619 omnia
2574 2584 2721 2634 argu-

1651 2654 1828 2698 ments
1849 2655 2214 2713 congruerent,
2233 2647 2382 2711 hujus
2403 2647 2581 2709 operis
2602 2660 2721 2695 auc-

1653 2733 1817 2777 torem
1855 2725 2316 2789 pronuntiaverim,
2344 2738 2462 2773 cum
2504 2723 2719 2787 scriptio

1651 2801 1773 2862 ista,
1816 2815 1930 2849 meo
1969 2800 2178 2866 quidem
2215 2798 2440 2864 judicio,
2479 2798 2624 2847 illum
2661 2804 2718 2848 et

1651 2875 1909 2927 facilitate
1929 2877 2175 2926 orationis
2209 2884 2266 2925 et
2287 2874 2544 2938 elegantia
2568 2870 2720 2937 supe-

1652 2960 1755 3018 ret,
1774 2958 1961 3004 etcum
1982 2954 2166 3019 quovis
2190 2953 2374 3017 optimi
2397 2952 2579 3019 soeculi
2605 2966 2721 3001 ora·

1651 3034 1765 3080 tore
1783 3029 2011 3079 conferri
2036 3045 2183 3093 posse
2206 3029 2465 3079 videatur.
2533 3026 2721 3091 Itaque

1651 3106 1838 3157 incerti
1862 3106 2087 3156 auctoris
2128 3105 2337 3155 titulum
2358 3102 2536 3153 libello
2559 3117 2719 3166 eppo⁴

1653 3183 1859 3232 suet-im.
1894 3182 2123 3231 Picum.
2191 3178 2345 3232 Quod
2378 3177 2610 3229 efferunt
2634 3177 2719 3227 bic

1650 3258 1970 3322 interpretes
1992 3259 2060 3308 dc
2082 3265 2242 3307 aetate
2266 3256 2515 3318 Cornelii,
2532 3257 2725 3306 nullius

1650 3337 1901 3387 momenti
1932 3342 2043 3385 est:
2060 3334 2222 3398 ·quasi
2248 3348 2373 3383 vero
2398 3332 2486 3380 ille
2508 3346 2723 3396 compo-

1649 3411 1813 3461 suerit
1856 3411 2028 3460 omnia
2072 3409 2348 3470 volumina,
2391 3423 2511 3473 qum
2557 3407 2725 3458 hocce

1649 3501 1762 3538 oevo
1778 3487 1925 3536 edita
1958 3490 2099 3546 suut,
2133 3494 2191 3536 et
2229 3501 2329 3550 quo
2371 3491 2452 3535 tot
2482 3493 2723 3534 oratores

1647 3564 1822 3613 eximii
1860 3560 2098 3613 floruere.
2172 3561 2253 3613 An
2298 3562 2417 3612 ideo
2459 3562 2545 3610 bic
2587 3561 2727 3613 liber

1645 3639 1816 3688 Taciti
1837 3639 1961 3699 erit,
1997 3638 2120 3703 quia
2153 3639 2224 3687 ibi
2265 3638 2327 3689 fit
2359 3637 2557 3688 mentio
2595 3640 2727 3690 Ves-

1650 3715 1864 3777 pasiani,
1888 3714 2140 3776 Muciani,
2160 3714 2410 3775 Helvidii,
2436 3714 2730 3778 Messalla,

1650 3790 1794 3854 Eprii
1834 3790 2095 3851 Marcelli,
2130 3791 2324 3854 Crispii
2362 3792 2526 3853 Vibii,
2560 3799 2627 3842 et
2649 3798 2730 3843 tot

1651 3866 1867 3915 aliorum
1909 3874 2187 3930 oratorum,
2208 3872 2293 3932 qui
2321 3869 2417 3917 hoc
2460 3868 2582 3932 ipso
2606 3883 2723 3920 ενα

1650 3940 1962 4005 eloquentie
1986 3942 2138 3990 laude
2161 3944 2613 4004 praecelluerunt?
2658 3944 2730 3995 Et

1651 4024 1779 4081 quot
1800 4017 1890 4065 alii
1912 4024 2143 4067 oratores
2163 4018 2260 4066 boe
2279 4018 2410 4067 libro
2428 4018 2733 4083 laudantur,

1652 4106 1870 4156 quorum
1905 4100 2076 4141 tmen
2100 4106 2349 4158 nusquam
2372 4094 2733 4148 meminit'l'u-

1651 4170 1826 4219 citus?
1876 4170 2038 4220 Nobis
2061 4177 2350 4234 opponunt,
2372 4169 2733 4234 Pomponium

1648 4245 1899 4300 Sabinum
1942 4245 2247 4301 attribuisse
2284 4247 2427 4301 hunc
2484 4246 2733 4300 libellum
