3000 4859
1169 388 1569 439 nubemus-

2252 381 2426 447 375⁷

1221 613 1435 666 NOTAE

298 722 387 774 Sic
425 730 482 774 et
517 723 584 773 de
615 722 824 786 poetico
857 723 1045 776 decore
1083 726 1118 775 Ι.
1143 738 1197 775 x.
1240 730 1289 778 1.

232 799 248 825 ‘
275 799 562 848 Plurimum
608 799 737 848 dicit
790 801 982 850 oratori
1051 800 1290 851 conferre

230 874 616 938 Theophrastus
671 876 941 924 lectionem
998 877 1288 940 poetarum,

232 949 488 1014 multique
528 950 640 1013 ejus
667 950 921 1014 judicium
974 961 1284 1015 sequuntur:

230 1037 403 1088 neque
441 1025 494 1072 id
526 1025 793 1074 immerito.
864 1027 1098 1090 Namque
1121 1028 1187 1075 ab
1208 1029 1287 1077 his

230 1106 290 1150 et
321 1099 375 1148 in
414 1099 563 1148 rebus
585 1101 811 1161 spiritus,
832 1108 889 1150 et
911 1101 959 1149 iu
984 1104 1150 1151 verbis
1171 1104 1288 1153 sub-

230 1176 445 1236 limitas,
467 1184 523 1224 et
555 1176 607 1224 in
629 1175 897 1226 affectibus
919 1186 1087 1228 motus
1109 1182 1289 1243 omnis,

231 1253 365 1302 etin
400 1254 629 1315 personis
664 1255 822 1303 decor
846 1256 1073 1317 petitur3
1111 1258 1289 1320 praeci·

232 1329 462 1392 pue'que,
484 1331 624 1377 velut
647 1330 829 1380 attrita
845 1331 1144 1394 quotidiano
1166 1340 1287 1382 actu

227 1401 424 1452 forensi
461 1404 682 1466 ingenia,
702 1406 897 1465 optime
920 1421 1091 1456 rerum
1113 1409 1288 1456 talium

227 1477 484 1529 blanditia
507 1487 830 1542 reparantur.
867 1481 1098 1546 Ideoque
1122 1483 1173 1532 in
1195 1483 1291 1533 bac

227 1557 458 1622 leqione
496 1557 682 1606 Cicero
730 1558 1151 1622 requiescendum
1197 1573 1289 1623 pu-

229 1636 351 1694 tat!
384 1637 518 1686 Vide
540 1637 656 1686 dial.
684 1652 730 1687 c.
754 1642 835 1686 20.

290 1715 377 1765 Sic
399 1722 572 1765 autem
593 1723 651 1765 et
692 1717 757 1765 de
795 1716 963 1780 poetis
984 1718 1291 1769 Graecornm

227 1791 599 1857 antiquissimis
687 1792 920 1856 Orpheo,
993 1795 1141 1856 Lino,
1193 1801 1291 1846 διο.

226 1867 449 1919 Quintil.
471 1868 505 1917 1.
530 1881 570 1915 ι.
594 1872 670 1917 lo.
707 1870 723 1896 ‘
753 1870 888 1918 Nam
928 1870 1044 1933 quis
1087 1871 1293 1934 ignorat

225 1944 481 2005 musicen,
498 1942 582 2008 (ut
607 1945 824 2006 primum
850 1946 916 1994 de
947 1945 1044 1993 hac
1068 1943 1293 2008 loquar,)

228 2023 430 2068 tantum
444 2018 556 2081 jam
580 2020 679 2068 illis
701 2020 925 2082 antiquis
948 2022 1287 2083 temporibus,

225 2109 333 2145 non
353 2095 511 2145 studii
548 2095 718 2156 modo,
756 2110 931 2144 verum
954 2097 1113 2146 etiam
1139 2110 1288 2146 vene-

227 2172 444 2221 rationis
465 2171 723 2233 habuisse,
748 2179 807 2221 ut
836 2172 989 2221 iidem
1009 2173 1216 2231 musici,
1236 2183 1293 2224 et

227 2255 395 2310 vates,
411 2255 465 2297 et
478 2248 740 2310 sapientes
747 2248 1108 2311 judicarentur
1122 2248 1142 2296 ?
1165 2250 1291 2298 Mit-

228 2330 335 2373 tam
358 2323 507 2385 alios,
524 2322 765 2386 Orpheus
787 2331 843 2372 et
857 2322 1049 2372 Linus:
1074 2337 1285 2385 quorum

227 2406 501 2463 utrumqne
537 2399 650 2446 Diis
689 2400 940 2462 genitum,
960 2398 1179 2447 alterum
1202 2412 1290 2445 ve-

227 2487 307 2536 ro,
324 2474 463 2537 quod
489 2472 640 2522 rudes
658 2488 861 2537 quoque
879 2481 1033 2538 atque
1058 2480 1286 2535 agrestes

229 2550 424 2599 animos
445 2548 785 2598 admiratione
804 2550 1069 2610 mulceret,
1088 2562 1188 2599 non
1213 2547 1288 2597 fe-

227 2639 314 2675 ras
345 2624 515 2687 modo,
534 2624 627 2674 sed
664 2639 788 2673 sasa
825 2624 982 2673 etiam
1019 2625 1288 2689 sylvasque

229 2701 454 2762 duxisse,
486 2700 805 2763 posteritatis
845 2701 1103 2750 memoriae
1128 2701 1288 2751 tradi-

228 2783 339 2826 tum
375 2783 471 2825 est.
537 2777 605 2825 Et
625 2777 933 2839 Timagenes
971 2785 1150 2826 auctor
1189 2784 1289 2839 est,

227 2852 454 2901 omnium
477 2853 529 2901 in
553 2852 715 2901 literis
737 2852 1021 2901 studiorum
1045 2852 1288 2916 antiquis-

228 2927 408 2978 simam
431 2928 660 2977 musicen
682 2928 950 2978 extitisse:
986 2934 1043 2979 et
1066 2930 1292 2979 testimo·

227 3003 315 3053 nio
339 3010 462 3052 sunt
484 3004 754 3053 clarissimi
792 3003 981 3067 poetae,
997 3006 1134 3069 apud
1156 3019 1286 3068 qnos

225 3077 368 3129 inter
390 3078 583 3140 regalia
604 3079 841 3127 convivia
860 3079 1039 3128 landes
1057 3079 1285 3129 Heroum

225 3168 289 3205 ac
312 3155 543 3204 Deorum
564 3154 629 3203 ad
659 3154 910 3204 citharam
931 3154 1284 3206 canebantur?

221 3231 314 3280 Sic
361 3230 502 3280 Dial.
544 3245 592 3279 c.
614 3235 690 3279 12.
754 3231 841 3280 Sic
882 3237 939 3281 et
983 3231 1049 3279 de
1092 3231 1288 3281 latinis

223 3305 477 3370 Tragicis,
530 3306 714 3367 Accio,
769 3307 1014 3369 Pacuvio,
1072 3308 1287 3370 Ovidio‚

222 3382 475 3446 Thyeste,
496 3383 806 3446 Pomponio,
824 3386 921 3432 etc.
969 3385 1148 3436 Quint.
1172 3384 1206 3431 l.
1231 3396 1285 3434 x.

226 3462 276 3507 1,
306 3459 323 3485 ‘
345 3458 637 3521 Tragoediae
662 3465 962 3521 scriptores,
983 3459 1172 3508 Accius
1207 3465 1286 3508 at-

224 3545 326 3599 que
371 3533 648 3597 Pacuvius,
703 3534 992 3596 clarissimi,
1031 3534 1285 3596 gravitate

223 3611 620 3673 sententiarum,
646 3613 920 3662 verborum
958 3612 1209 3675 pondere,
1230 3617 1287 3662 et

221 3687 536 3738 auctoritate
594 3701 941 3748 personarum.
1040 3689 1286 3738 Ceterum

223 3763 384 3824 nitor,
422 3769 480 3811 et
499 3776 699 3812 summa
722 3763 777 3811 in
797 3764 1094 3816 excolendis
1118 3765 1286 3827 operi-

223 3836 323 3887 bus
363 3851 564 3898 manus,
591 3837 753 3899 magis
778 3837 938 3886 videri
963 3848 1137 3901 potest
1159 3846 1287 3888 tem-

224 3911 455 3977 poribus,
478 3925 629 3973 quam
654 3911 778 3971 ipsis
800 3910 1041 3966 defuisse.
1089 3914 1288 3963 virium

222 3994 401 4036 tamen
442 3985 605 4035 Accio
653 3986 768 4048 plns
815 3986 1084 4037 tribuitur:
1121 3989 1288 4037 Pacu-

225 4047 365 4114 vium
383 4061 545 4109 videri
573 4060 876 4123 doctiorem,
899 4062 985 4126 qni
1007 4077 1121 4110 esse
1144 4063 1283 4113 docti

225 4134 499 4198 affectant,
521 4136 719 4185 volunt.
781 4135 902 4185 Jam
927 4137 1056 4188 Vari
1088 4138 1285 4201 Thyes·

227 4219 307 4264 tes
327 4211 542 4263 cuilibet
559 4210 861 4263 Graeeorum
884 4214 1170 4276 comparari
1195 4228 1286 4278 po-

1369 735 1492 780 test.
1557 730 1738 783 Ovidii
1763 730 1956 783 Medea
1975 730 2183 782 videtur
2205 730 2326 780 mibi
2344 745 2426 780 os-

1370 805 1607 867 tendere,
1650 814 1898 870 quantnm
1934 806 2012 856 vir
2050 807 2137 855 ille
2173 812 2425 869 praestare

1369 883 1616 943 potuerit,
1648 885 1693 932 si
1734 884 1942 946 ingenio
1986 897 2077 932 suo
2117 889 2427 945 temperare,

1364 970 1518 1020 quam
1546 957 1811 1020 indulgere
1834 958 2133 1007 maluisset!
2170 956 2272 1006 Hic
2294 965 2426 1004 unus

1369 1035 1511 1082 locus
1556 1035 1645 1083 ubi
1679 1036 1886 1084 easdem
1923 1036 1988 1085 ad
2026 1035 2233 1083 verbum
2270 1046 2425 1082 voces

1368 1109 1555 1172 dialogi
1596 1114 1805 1173 repetit,
1848 1112 2070 1174 probare
2116 1125 2177 1159 ac
2219 1110 2426 1158 demon·

1368 1194 1534 1233 strare
1559 1187 1836 1249 genuinum
1876 1188 2009 1235 banc
2030 1201 2144 1235 esse
2169 1183 2313 1234 Fabii
2334 1182 2427 1232 foe-

1371 1267 1477 1309 tum
1526 1263 1704 1325 possit,
1741 1264 1894 1312 etiam
1940 1263 1983 1310 si
2027 1270 2206 1311 cetera
2255 1260 2428 1309 omnia

1370 1336 1628 1387 deessent.
1669 1339 1795 1387 Vide
1819 1353 1944 1400 ergo
1974 1339 2109 1386 Dial.
2134 1352 2180 1386 c.
2201 1342 2279 1385 ts.
2314 1336 2427 1385 Eti-

1370 1427 1452 1464 am
1473 1413 1660 1462 Fabius
1698 1414 1732 1464 1.
1754 1426 1809 1463 x.
1838 1419 1883 1463 l.
1916 1417 1931 1442 ‘
1963 1416 2148 1462 Eorum
2188 1413 2427 1476 [Tragos-

1369 1486 1575 1550 dorum]
1596 1503 1723 1552 quos
1749 1489 1982 1548 viderim,
2007 1490 2155 1558 longe
2180 1487 2423 1548 princeps

1373 1564 1687 1625 Pomponius
1739 1565 2023 1626 Secundus,
2076 1578 2229 1627 quem
2277 1576 2426 1611 senes

1373 1655 1554 1705 parum
1582 1643 1829 1706 tragicum
1850 1643 2118 1706 putabant,
2133 1638 2425 1688 eruditione

1371 1731 1431 1765 ac
1490 1719 1661 1768 nitore
1718 1726 1964 1782 praestare
2009 1713 2427 1767 confitebantur!

1370 1793 1507 1843 Vide
1529 1795 1650 1843 dial.
1675 1808 1721 1842 c.
1747 1798 1827 1843 1⁸.

1433 1867 1521 1916 Sic
1558 1874 1614 1916 et
1646 1868 1713 1916 de
1730 1867 1984 1930 Satyricis
2007 1867 2228 1925 Lucilio,
2256 1866 2426 1917 Hora-

1372 1944 1464 2005 tio,
1499 1951 1558 1992 et
1579 1945 1810 1992 Varrone
1833 1942 2081 2006 (nondum
2103 1941 2243 1991 forte
2265 1944 2299 1993 J
2306 1957 2426 1992 uve·

1366 2018 1496 2066 nalis
1537 2019 1695 2067 libros
1734 2017 1999 2082 emiserat)
2032 2018 2254 2070 Quintil.
2294 2029 2354 2066 x.
2378 2021 2424 2066 1.

1367 2092 1383 2121 ‘
1405 2093 1596 2156 Satyra
1627 2095 1831 2156 quidem
1872 2102 1984 2144 tota
2017 2100 2193 2143 nostra
2223 2099 2335 2153 est;
2368 2092 2424 2140 in

1367 2183 1468 2232 qua
1490 2168 1687 2231 primus
1703 2170 1954 2234 insignem
1975 2170 2178 2221 laudem
2203 2170 2427 2232 adeptus

1368 2251 1452 2293 est
1469 2244 1711 2307 Lucilius,
1731 2247 1818 2310 qui
1843 2247 2090 2311 quosdam
2118 2248 2195 2295 ita
2216 2246 2424 2294 deditos

1366 2319 1461 2368 sibi
1501 2320 1667 2370 adhuc
1703 2321 1864 2370 babet
1901 2329 2180 2382 amatores,
2211 2327 2271 2370 ut
2303 2335 2423 2370 enm

1366 2412 1466 2447 non
1487 2399 1716 2461 ejusdem
1739 2401 1890 2450 modo
1914 2402 2088 2465 operis
2110 2400 2425 2462 auctoribus,

1367 2474 1457 2522 sed
1478 2474 1713 2525 omnibus
1735 2475 1906 2538 poetis
1928 2473 2178 2538 preferre
2207 2489 2311 2523 uon
2331 2475 2424 2523 du-

1366 2549 1554 2599 bitent.
1592 2549 1705 2613 Ego
1730 2557 1973 2612 quantum
1991 2549 2057 2598 ab
2077 2549 2198 2608 illis,
2222 2554 2424 2598 tantum

1367 2623 1434 2673 ab
1475 2623 1697 2673 Horatio
1728 2624 1996 2683 dissentio,
2047 2623 2133 2687 qui
2168 2623 2423 2672 Lucilium

1366 2697 1530 2749 fluere
1581 2700 1911 2760 lutulentum,
1964 2706 2020 2748 et
2074 2714 2185 2748 esse
2226 2697 2421 2763 aliquid

1367 2776 1508 2839 quod
1539 2778 1725 2826 tollere
1758 2776 1940 2839 possis,
1963 2782 2131 2838 putat.
2197 2776 2332 2824 Nam
2365 2781 2424 2824 et

1370 2851 1596 2902 eruditio
1618 2852 1670 2900 in
1694 2866 1757 2901 eo
1779 2851 1926 2912 mira,
1947 2858 2003 2900 et
2019 2852 2248 2912 libertas,
2265 2856 2422 2914 atque

1367 2926 1487 2976 inde
1507 2927 1785 2989 acerbitas,
1800 2934 1857 2977 et
1879 2927 2078 2976 abunde
2098 2926 2236 2975 salis.
2286 2926 2423 2974 Mul·

1369 3009 1422 3053 to
1443 3010 1526 3052 est
1568 3003 1752 3052 tersior
1783 3017 1844 3052 ac
1882 3017 2039 3065 purus
2070 3000 2233 3063 magis
2257 2999 2425 3048 Hora-

1368 3078 1490 3138 tius,
1527 3083 1584 3128 et
1604 3078 1669 3127 ad
1694 3077 1946 3128 notandos
1975 3076 2232 3124 bominum
2254 3088 2424 3123 mores

1369 3151 1694 3216 praecipuus)
1758 3152 1894 3200 Vide
1917 3151 2035 3199 dial.
2066 3165 2113 3198 c.
2135 3154 2217 3199 28.
2252 3149 2422 3199 Etiam

1368 3228 1402 3282 1.
1425 3241 1480 3282 x.
1505 3234 1552 3279 1.
1585 3228 1858 3277 ‘Alterum
1895 3226 2020 3275 illud
2059 3232 2158 3286 est,
2190 3232 2243 3272 et
2277 3224 2419 3287 prius

1365 3305 1566 3368 Satyra
1605 3318 1780 3366 genus,
1803 3303 1938 3365 qnod
1974 3315 2076 3351 non
2108 3301 2214 3349 sola
2243 3300 2425 3350 carmi·

1367 3394 1486 3428 num
1520 3381 1778 3430 varietate
1799 3379 2025 3444 ,mistum
2066 3376 2298 3427 condidit
2325 3377 2422 3426 Te-

1368 3455 1562 3503 rentius
1579 3456 1766 3517 Varro,
1788 3455 1867 3506 vir
1888 3454 2236 3504 Romanorum
2251 3452 2423 3503 erudi·

1365 3531 1610 3594 tissimus,
1633 3532 1878 3595 plurimos
1914 3530 1996 3583 liic
2033 3529 2190 3580 libros
2210 3535 2267 3578 et
2297 3527 2421 3578 doc-

1365 3609 1585 3660 tissimos
1607 3611 1916 3672 composuit,
1954 3607 2292 3670 peritissimus
2327 3604 2423 3654 lin·

1365 3683 1479 3747 gu'ae
1521 3687 1742 3747 Latina’,
1784 3693 1839 3734 et
1871 3683 2035 3734 omnis
2077 3680 2421 3745 antiquitatis,

1366 3769 1419 3809 et
1457 3775 1624 3809 rerum
1660 3761 1961 3810 Graecarum
1999 3764 2420 3821 nostrarumquez

1367 3837 1482 3899 plus
1508 3844 1679 3885 tamen
1702 3836 1932 3886 scientiae
1951 3836 2250 3894 collaturus,
2267 3847 2418 3898 quam

1366 3911 1713 3975 eloquentiae!

1430 3987 1605 4036 Satius
1621 3987 1688 4035 sit
1704 3987 1874 4048 silere,
1889 4000 2039 4049 quam
2059 3998 2227 4047 pauca
2244 3982 2419 4033 dicere

1368 4061 1434 4109 de
1475 4060 1714 4110 Heroicis
1739 4062 1969 4110 Homero
1995 4069 2044 4109 et
2070 4059 2312 4122 Virgilio,
2330 4057 2418 4122 qui

1362 4139 1476 4187 scil.
1523 4137 1783 4201 fastigium
1835 4151 1985 4186 omne
2034 4142 2282 4199 superant
2312 4136 2418 4188 elo·

1365 4213 1613 4277 quentiae,
1646 4212 1786 4263 forte
1824 4217 1880 4262 et
1901 4209 2066 4264 fatum
2100 4209 2423 4275 ingeniorum
