3000 4859
984 389 1394 456 saureons,
1440 391 1603 442 cur.
1645 377 1752 443 32.

2287 375 2462 447 8555

267 541 409 607 auri
436 539 654 624 fulgor
681 543 881 622 atque
902 533 1196 620 argenti)
1237 537 1420 622 quod
1447 556 1663 623 neque
1677 535 1875 623 tegit,
1902 557 2113 623 neque
2140 535 2460 607 v'ulnerat.

265 715 509 780 splendor
530 721 690 782 etque
711 713 932 781 argenti,
963 714 1099 782 qnod
1134 727 1305 781 neque
1326 714 1481 780 tegit,
1505 727 1675 780 neque
1699 711 1840 765 ferit.
1901 712 2241 780 Reperiemus
2275 714 2329 765 in
2349 714 2466 779 ipsa

1186 871 1547 895 connect-eoo

262 980 526 1032 veteribus
569 979 900 1048 editionibus,
938 980 1025 1032 alii
1066 980 1199 1032 nobis
1241 982 1558 1032 tradiderunt.
1642 979 1869 1031 Brotier.

1254 1134 1472 1188 NOTAE

256 1243 275 1273 ‘
299 1244 422 1297 Non
466 1246 606 1296 enim
628 1248 850 1298 vestium
888 1249 1044 1312 nitor,
1083 1249 1168 1298 vel
1209 1248 1323 1298 auri

259 1320 344 1371 vel
368 1321 572 1384 argenti
596 1337 1010 1389 gemmarumque
1035 1325 1186 1390 copia
1206 1327 1320 1375 hos-

259 1402 362 1460 tes,
401 1405 495 1447 aut
515 1397 582 1450 sd
604 1400 946 1450 reverentiam
966 1407 1208 1466 nostram,
1230 1407 1321 1452 aut

260 1470 329 1520 ad
365 1471 585 1535 gratiam
622 1473 904 1536 inclinant3
937 1475 1031 1524 sed
1069 1477 1177 1527 solo
1222 1484 1323 1526 ter·

260 1557 379 1596 rore
402 1548 711 1610 subiguntur
740 1550 1032 1600 armornm?

304 1622 342 1657 ‘¹
361 1624 488 1674 Auri
510 1624 680 1688 ficlgor
699 1631 838 1689 aeque
858 1628 1068 1692 urgenti]
1134 1627 1321 1678 Roma-

259 1711 441 1750 norum
482 1702 617 1749 enim
657 1716 800 1752 arma
843 1718 968 1754 auro
1007 1712 1064 1754 et
1103 1712 1320 1768 argento

260 1779 403 1829 culta
453 1786 620 1828 erant.
708 1780 1009 1833 Juvemlis:
1061 1782 1320 1846 ‘Argenti

261 1853 402 1918 qnod
443 1863 577 1916 erat,
611 1854 729 1905 solis
772 1854 1003 1920 fulgebat
1037 1858 1090 1907 in
1131 1855 1321 1907 armis!

261 1930 327 1980 Id
359 1932 511 1980 simul
544 1939 601 1980 et
621 1931 686 1981 ad
707 1934 958 1997 speciem,
978 1941 1033 1983 et
1056 1949 1158 1999 quo
1180 1941 1320 1983 tena-

262 2006 428 2055 ciores
452 2020 629 2055 eorum
650 2008 839 2058 milites
856 2009 908 2058 in
928 2010 1107 2073 proelio
1130 2018 1321 2072 essent,

261 2088 404 2131 metu
429 2081 620 2144 damni,
645 2083 902 2132 Caesarern
937 2084 1122 2140 fecisse
1144 2085 1320 2149 prodit

260 2157 557 2208 Suetonius.
654 2158 809 2210 Adde
861 2159 1199 2214 Plutarchum
1264 2163 1317 2212 in

260 2234 451 2285 Bruto.
528 2236 815 2299 Vir-dangu.

342 2310 473 2360 Auri
511 2311 686 2374 fulgor
737 2319 876 2377 utque
930 2316 1143 2377 argenti,
1198 2316 1319 2378 quod

260 2401 407 2451 neque
442 2388 585 2449 tegit,
621 2404 767 2452 neque
804 2390 1039 2453 vulnerat]
1073 2390 1230 2440 Arma
1251 2395 1321 2439 te-

258 2467 401 2526 gunt,
424 2469 480 2513 et
501 2461 604 2512 teia
622 2465 883 2513 vulnerant.
954 2463 1099 2514 curt.
1120 2464 1211 2514 lib.
1235 2478 1321 2514 m.

260 2541 277 2568 ‘
302 2539 409 2589 Hic
433 2541 565 2588 tanti
590 2547 869 2604 apparatus
892 2540 1174 2603 exercitus,
1208 2541 1322 2590 haee

260 2621 379 2666 tota
420 2616 647 2686 gentium
688 2623 745 2665 et
780 2615 941 2666 totius
964 2616 1198 2665 Orientis
1234 2630 1322 2664 ex·

264 2691 368 2741 cita
379 2690 589 2741 sedibus
606 2692 710 2740 suis
727 2693 887 2741 moles
906 2690 1136 2742 finitimis
1146 2696 1324 2755 potest

261 2781 377 2817 esse
402 2766 679 2817 terribilis:
703 2768 840 2817 nitet
858 2781 1106 2831 purpura,
1123 2782 1324 2816 aurum-

263 2857 365 2908 qne
405 2841 574 2907 fulget
613 2844 766 2893 armis
809 2852 865 2893 et
905 2845 1185 2909 opulentia,
1220 2847 1319 2893 etc.

262 2919 365 2968 Sed
390 2918 736 2968 Macedonum
776 2919 915 2970 acies
952 2927 1099 2969 torva
1123 2934 1246 2968 sane
1268 2924 1324 2968 et

259 2992 484 3054 inculta,
524 2995 724 3057 clypeis
744 2995 1007 3060 hastisque
1041 2993 1324 3044 immobiles

262 3081 457 3118 cuneos
500 3075 557 3118 et
601 3077 837 3120 conserta
866 3072 1055 3120 robora
1096 3070 1324 3120 virorum

264 3143 449 3208 teget?

328 3218 659 3282 Auriscalgor]
693 3219 778 3270 Sic
803 3221 948 3270 Curt.
992 3220 1083 3270 lib.
1109 3233 1194 3272 111.
1214 3221 1233 3251 ‘
1257 3219 1327 3269 Il·

260 3295 455 3359 lyrlcos
482 3309 606 3346 vero
627 3301 684 3345 et
721 3297 941 3346 Thraces
976 3303 1128 3361 rapto
1150 3298 1327 3346 vivere

262 3379 514 3434 munos,
543 3373 707 3422 aciem
748 3374 969 3423 hostium
991 3388 1115 3423 auro
1133 3389 1326 3439 purpu-

263 3462 427 3514 raque
442 3448 724 3513 fulgentem
744 3451 931 3500 intueri
939 3452 1177 3516 jubebat,
1194 3469 1327 3518 prae·

262 3523 384 3575 dam
430 3539 534 3574 non
578 3539 721 3575 arma
765 3535 1074 3590 gestantem.
1161 3529 1327 3592 lreut,

264 3607 325 3651 et
346 3601 641 3651 imbellibus
660 3600 887 3652 foeminis
910 3618 1089 3654 aurum
1114 3605 1213 3653 viri
1234 3605 1332 3653 eri·

263 3685 455 3744 perent
489 3695 503 3728 x
574 3686 757 3741 aspera
824 3694 1031 3729 suorum
1084 3679 1331 3730 montium

257 3755 410 3819 μμ,
433 3755 699 3819 nudosque
723 3756 883 3804 colles
907 3765 961 3805 et
984 3763 1242 3821 perpetuo
1267 3757 1333 3805 ri·

264 3837 448 3896 gentes
481 3832 599 3895 gelu
624 3831 813 3881 ditibus
834 3831 1109 3882 Persarum
1133 3833 1329 3898 campis

261 3907 502 3974 agrisque
544 3908 837 3957 mutarent!

330 3983 459 4033 Auri
505 3987 555 4033 et
589 3983 803 4046 argum]
867 3985 1025 4033 Forte
1066 3991 1121 4033 et
1159 3982 1332 4032 allusit

262 4057 426 4108 etiam
463 4058 531 4108 ud
579 4060 726 4122 signa
768 4067 824 4108 et
868 4058 1083 4122 aquilas,
1120 4071 1331 4122 quarum

266 4134 385 4183 :lise
422 4139 709 4198 argenteae,
746 4136 858 4184 aliae
883 4148 950 4182 ex
988 4147 1111 4183 auro
1156 4133 1331 4182 solidae

265 4208 559 4277 fulgebant,
596 4210 746 4261 simul
767 4217 824 4260 et
859 4209 924 4259 sd
963 4208 1116 4258 alium
1139 4209 1334 4259 cultum

1397 1254 1737 1312 ornatumque
1750 1246 2045 1298 militarem.
2093 1246 2220 1296 Tac.
2245 1246 2311 1296 (le
2332 1246 2464 1320 aliis,

1398 1324 1541 1374 Hist.
1575 1322 1666 1373 lib.
1710 1337 1790 1372 tv.
1826 1325 1843 1352 ‘
1879 1322 1989 1372 Illis
2034 1323 2310 1372 maximum
2357 1324 2461 1373 dis-

1398 1399 1612 1463 crimen,
1657 1411 1817 1462 penes
1857 1412 1983 1462 quos
2027 1412 2207 1448 aurum
2246 1410 2304 1449 et
2336 1413 2466 1465 opes

1400 1476 1683 1539 proecipuae
1706 1474 1956 1524 bellorum
1979 1473 2191 1523 causa?

1466 1551 1592 1599 Auri
1615 1548 1806 1611 fulgor]
1838 1549 2015 1598 Livius
2037 1561 2120 1599 tx.
2139 1551 2156 1577 ‘
2179 1549 2462 1599 Horridum

1400 1626 1617 1678 militem
1661 1639 1775 1675 esse
1820 1624 2032 1687 debere,
2074 1639 2175 1674 non
2215 1626 2462 1676 coelatum

1399 1718 1529 1754 auro
1554 1709 1892 1768 argentoque,
1914 1704 2005 1753 sed
2030 1700 2171 1752 ferro
2201 1709 2256 1751 et
2277 1703 2464 1752 animis

1399 1777 1632 1830 fretum?

1464 1854 1606 1905 Ibid.
1642 1855 1658 1883 ⁴
1678 1853 1889 1919 Quippe
1923 1854 2012 1903 illa
2034 1852 2266 1917 praedam
2289 1852 2462 1902 verius

1400 1947 1552 1998 quarn
1574 1947 1713 1981 arma
1734 1946 1880 1982 esse:
1916 1933 2139 1980 nitentia
2174 1937 2299 1980 aute
2333 1945 2461 1992 rem,

1399 2005 1651 2058 deformia
1667 2007 1805 2057 inter
1821 2008 2122 2070 sanguinem
2148 2013 2203 2056 et
2217 2007 2462 2056 vulnera!

1396 2084 1554 2135 Tales
1573 2083 1918 2134 Macedones:
1945 2085 1961 2111 ‘
1985 2085 2035 2134 N
2041 2097 2108 2132 on
2128 2096 2275 2146 auro,
2292 2096 2461 2147 ueque

1397 2160 1636 2211 discolori
1671 2167 1838 2223 veste,
1872 2159 1963 2209 sed
2005 2157 2141 2208 ferro
2174 2166 2332 2223 atque
2358 2172 2462 2209 aere

1397 2234 1697 2299 fulgentes!
1753 2235 1901 2286 Curt.
1921 2248 2008 2285 111.

1463 2312 1734 2374 Attamen,
1756 2317 1958 2373 contra,
1980 2312 2159 2361 Caesar
2179 2325 2298 2359 suos
2338 2310 2354 2338 ‘
2377 2310 2464 2360 ha·

1401 2388 1518 2439 buit
1552 2395 1658 2438 tam
1692 2390 1879 2451 cultos,
1912 2397 1971 2438 nt
2009 2394 2226 2452 argento
2250 2391 2308 2438 et
2339 2402 2463 2438 auro

1402 2463 1578 2527 politis
1602 2464 1756 2513 armis
1782 2471 2010 2526 ornaret,
2024 2464 2246 2515 simulet
2263 2466 2326 2515 ad
2347 2481 2463 2530 spe·

1402 2546 1555 2606 ciem,
1571 2552 1626 2593 et
1642 2558 1744 2609 quo
1760 2545 2047 2594 tenaciores
2069 2559 2245 2594 eorum
2267 2546 2317 2593 in
2334 2537 2468 2612 prae-3

1402 2619 1474 2670 lio
1510 2627 1702 2683 essent,
1739 2627 1881 2670 metu
1918 2620 2125 2671 damni.'
2191 2622 2334 2669 Suet.
2382 2623 2466 2672 68.

1403 2696 1475 2745 Et
1495 2694 1563 2745 de
1585 2695 1698 2758 ipso
1723 2696 1958 2759 principe
1980 2709 2084 2744 non
2109 2696 2311 2746 mirum.
2364 2694 2467 2745 Pa-

1403 2784 1522 2832 neg.
1547 2769 1758 2818 Nazarii
1774 2769 2077 2820 Constantio
2093 2771 2218 2822 dict.
2240 2773 2254 2798 ‘
2279 2769 2469 2835 Fulget

1399 2844 1587 2895 nobilis
1611 2844 1775 2906 galea,
1815 2850 1872 2893 et
1909 2853 2126 2894 corusca
2169 2847 2287 2894 luce
2326 2860 2466 2908 gem-

1401 2935 1598 2971 marum
1622 2920 1849 2968 divinum
1889 2920 2140 2968 verticem
2176 2926 2462 2970 monstrat:

1402 3010 1529 3045 auro
1567 2995 1802 3058 clypeus,
1845 3009 1969 3044 auro
2013 3009 2154 3044 arma
2190 2996 2468 3054 collucent.

1404 3072 1454 3123 Ο
1474 3078 1724 3137 qnantum
1757 3070 1861 3121 vim
1898 3070 2133 3134 possidet
2157 3071 2341 3133 virtus,
2365 3087 2468 3136 qua

1405 3151 1459 3200 in
1493 3149 1592 3198 hoc
1614 3146 1793 3197 habitu
1814 3147 1932 3211 plus
1959 3147 2171 3197 terroris
2203 3145 2468 3211 praeferas,

1404 3242 1557 3292 quam
1581 3225 1782 3275 decoris
1793 3224 1826 3276 l'
1893 3227 1991 3276 Est
2013 3233 2186 3275 tamen
2210 3225 2338 3275 alius
2357 3223 2469 3276 auri

1406 3302 1596 3366 fulgor,
1608 3303 1694 3366 qui
1717 3300 1958 3368 profligat
1982 3303 2180 3366 praelia,
2203 3307 2471 3366 expugnat

1409 3378 1698 3439 urbes,&c.
1754 3378 1841 3427 Sic
1865 3380 2124 3428 oraculum
2149 3378 2325 3428 datum
2349 3377 2471 3432 Phi-2

1407 3453 1551 3518 lippo
1585 3453 1895 3502 Macedoni:
1928 3451 2198 3518 Ἀργυρέαις
2239 3452 2471 3516 λόγχαισι

1405 3527 1583 3593 μάχου,
1600 3528 1677 3578 καὶ
1696 3527 1855 3578 πάντα
1875 3529 2105 3588 medians:
2143 3530 2315 3579 Hastis
2351 3545 2472 3594 pug-

1407 3621 1471 3655 na
1491 3606 1774 3667 argentatis,
1785 3610 1925 3668 atque
1945 3608 2099 3655 omnia
2112 3608 2280 3655 vinces.
2300 3606 2410 3655 Cic.
2428 3619 2471 3656 ι.

1408 3679 1475 3728 ad
1498 3678 1729 3729 Atticum
1749 3681 1901 3744 epist.
1928 3684 2009 3730 12.
2046 3680 2234 3730 Omnia
2257 3667 2471 3732 castella

1408 3754 1562 3803 facile
1584 3756 1780 3818 capies,
1821 3755 1836 3781 ⁴
1867 3755 1920 3804 in
1945 3772 2059 3821 quae
2099 3757 2248 3806 modo
2290 3757 2473 3805 asellus

1408 3837 1625 3881 onustus
1645 3846 1768 3881 auro
1792 3833 1958 3895 possit
1981 3830 2299 3881 ascendere!
2366 3827 2475 3880 Ho-

1411 3908 1572 3956 ratius
1610 3911 1656 3958 2.
1692 3907 1858 3956 Serm.
1897 3907 1914 3934 ⁴
1934 3907 2125 3955 Divina
2152 3906 2472 3967 humanaque

1411 3984 1640 4048 pulchris
1676 3983 1894 4034 Divitiis
1920 3979 2142 4046 parent!
2210 3980 2327 4027 Non
2351 3976 2473 4027 ferit

1412 4062 1497 4110 ille
1517 4058 1687 4125 fulgor
1709 4060 1840 4122 anri,
1856 4058 1945 4107 sed
1971 4056 2216 4106 conciliat
2252 4061 2340 4106 aut
2363 4067 2475 4102 cor·

1410 4138 1608 4200 rumpit
1632 4137 1853 4185 animos:
1893 4131 2279 4197 perrumpitque
2303 4141 2473 4196 muros

1410 4211 1691 4274 occultius,
1708 4208 2014 4274 quandoque
2036 4213 2091 4255 et
2112 4203 2323 4255 certius.
