3000 4859
1230 379 1296 428 G.
1344 376 1709 428 commun
1754 372 2015 428 ‘ram'rl

1541 601 1753 653 Nom-2

608 745 1605 815 Modarats‘oaisatqueabaadmioednoeil]

540 826 673 877 Sunt
694 826 781 892 qui
802 825 1107 877 &mantia
1144 840 1324 876 vocem
1347 827 1606 890 interpre-

543 910 744 962 tentur,
778 901 1235 967 magnificentiam:
1272 903 1418 968 quasi
1456 901 1605 966 Agri-

543 978 660 1029 cola
714 977 922 1029 duxerit
967 978 1137 1039 ludos,
1191 984 1606 1041 temperamento

543 1054 767 1124 quodam
813 1053 1062 1116 adhibito,
1102 1054 1243 1104 intra
1287 1053 1540 1103 terminos
1574 1068 1607 1102 a

543 1130 747 1180 ratione
765 1129 1237 1193 consuetudineque
1254 1127 1610 1193 prescriptos,

542 1220 607 1257 ac
649 1204 977 1271 magnificum
1025 1205 1394 1268 liberalemque
1450 1217 1609 1268 appa·

544 1289 737 1333 ratum.

549 1397 562 1405 .
609 1359 725 1423 Ego
768 1372 891 1409 vero
932 1358 1065 1409 hanc
1099 1371 1208 1410 non
1241 1354 1404 1407 fuisse
1439 1355 1608 1407 Taciti

541 1440 773 1485 mentem
809 1435 1060 1486 arbitror:
1112 1433 1207 1483 sed
1241 1433 1606 1496 abundantium,

542 1509 610 1559 ad
632 1509 790 1573 ipsius
813 1508 1073 1574 Agricola
1092 1523 1217 1573 opes
1239 1514 1297 1558 et
1318 1522 1428 1557 rem
1460 1506 1607 1557 fami·

541 1585 724 1634 harem
759 1583 969 1635 referri:
1006 1592 1066 1634 ιιι
1099 1586 1306 1635 scilicet
1343 1583 1490 1633 ludos
1529 1592 1607 1633 at-

544 1663 647 1726 que
670 1660 850 1710 inanes
878 1661 1096 1712 bonores
1126 1659 1437 1723 exercuerit,
1455 1659 1608 1710 modo

544 1735 769 1800 quodam
799 1736 1154 1787 convenientis
1189 1736 1424 1799 rationis,
1443 1743 1498 1785 et
1530 1752 1611 1786 su-

547 1825 691 1864 arum
713 1810 1042 1864 facultatum.

559 1923 566 1934 .
609 1886 798 1937 Cicero
820 1888 907 1936 De
930 1886 1055 1951 Leg.
1091 1885 1181 1936 lib.
1218 1899 1281 1936 11.
1303 1885 1368 1936 de
1386 1885 1610 1935 liberali·

545 1968 659 2013 tate
701 1963 918 2029 loquens
963 1961 1219 2026 praecipst,
1269 1961 1287 1989 ‘
1310 1968 1370 2011 ιιι
1427 1962 1609 2012 modus

547 2040 873 2102 adhibeatur,
896 2041 1045 2106 isque
1067 2040 1322 2091 referatur
1355 2039 1422 2089 ad
1443 2039 1609 2091 facul-

547 2115 721 2165 tates.’
784 2117 855 2165 Et
888 2114 1104 2165 inferius
1133 2114 1318 2165 eodem
1338 2115 1431 2165 lib.
1457 2116 1525 2165 de
1546 2115 1609 2166 iia

545 2194 674 2258 ipsis
693 2194 830 2245 ludis
852 2193 1165 2259 praescribit,
1183 2201 1242 2244 ut
1265 2209 1359 2258 pro
1389 2192 1610 2245 faculta-

547 2269 689 2320 tibus
711 2268 855 2320 fiant.

612 2344 1101 2411 Quomodocumque
1133 2346 1308 2409 tangit
1343 2345 1520 2395 luxum
1552 2346 1608 2395 in

545 2419 782 2470 ludorum
815 2422 1331 2487 spectaculorumque
1368 2421 1608 2472 editioni-

547 2494 673 2546 bus:
714 2510 831 2546 cum
869 2496 1034 2546 omnia
1071 2497 1278 2561 generis
1317 2495 1479 2559 feras,
1519 2510 1607 2547 no-

544 2570 675 2624 biles
714 2585 888 2638 equos,
927 2575 1022 2622 stc.
1069 2573 1326 2635 designati
1368 2572 1609 2623 certatim

546 2649 764 2698 mercari
803 2654 1075 2710 curarent3
1107 2653 1300 2711 praeter
1337 2647 1473 2698 dona
1516 2649 1609 2698 im·

546 2735 741 2786 ιιιοιιιι,
757 2738 872 2788 quie
889 2723 1232 2787 sportularum
1253 2724 1457 2773 nominc
1485 2724 1608 2774 ami·

546 2798 624 2852 cis
661 2806 781 2864 post
811 2799 1063 2850 editiones
1101 2800 1463 2852 mittebantur.
1514 2800 1606 2851 Pi-

608 2950 885 3016 Spectavit
913 2950 1120 3002 modum
1155 2951 1370 3003 rationis
1407 2958 1467 3000 et
1487 2965 1607 3015 pru-

549 3027 742 3080 denua
763 3028 815 3078 in
836 3028 1050 3078 edendis
1079 3028 1231 3092 ludis,
1267 3028 1533 3092 spectavit
1554 3035 1611 3080 et

543 3102 681 3154 Sorte
701 3102 1066 3154 abundantiam
1081 3118 1238 3167 opum
1260 3117 1495 3166 suarnm3
1515 3103 1609 3156 sed

548 3179 701 3230 simul
716 3179 872 3229 etiam
887 3179 1153 3242 prsecipue
1167 3179 1426 3242 spectavit
1449 3180 1608 3232 abun·

549 3253 778 3304 dantiam
798 3259 855 3303 et
870 3252 1302 3316 magnificentiam
1324 3254 1610 3319 indefinite,

535 3342 654 3391 ,qua
686 3328 878 3391 populo
919 3328 1063 3376 Rom.
1086 3326 1413 3378 satisfaceret
1435 3330 1609 3393 place-

548 3406 765 3467 retque:
819 3402 967 3466 cujus
1010 3401 1158 3451 favor
1201 3410 1375 3454 tamen
1418 3407 1608 3471 sperni,

548 3491 651 3538 nec
673 3476 863 3541 potuit,
884 3491 982 3528 nec
1006 3477 1204 3528 debuit.

561 3585 568 3592 -
615 3554 761 3605 Modo
781 3552 983 3605 rationis
1000 3559 1143 3618 atque
1160 3555 1482 3619 abnndantia]
1542 3557 1609 3607 Id

549 3635 650 3693 eat,
670 3644 764 3693 pro
787 3630 1079 3693 patrimonii
1112 3630 1263 3680 modo
1285 3637 1343 3681 et
1376 3632 1607 3694 viribus3

548 3718 675 3771 quas
698 3705 999 3769 plerumque
1027 3705 1125 3754 ista
1158 3706 1320 3758 editio
1341 3713 1609 3770 spectacu-

546 3781 715 3836 lorum
757 3780 1117 3834 exhauriebat.
1206 3780 1347 3833 Hinc
1391 3782 1607 3834 Bo'e'tius

547 3865 829 3924 pratus-am
862 3860 879 3889 ‘
896 3859 1143 3910 senatorii
1179 3874 1361 3914 census
1400 3876 1607 3925 gravem

549 3934 822 3987 moinun'
875 3942 1046 3987 vocat.
1133 3937 1268 3987 Nam
1315 3952 1429 4002 quse
1484 3937 1609 3991 otim

546 4023 734 4076 magua
771 4010 849 4059 vis
888 4010 1093 4075 imperii
1128 4012 1607 4076 jurisdictionisque

548 4084 650 4144 fuit
684 4088 965 4150 pretorio,
997 4103 1061 4138 ea
1098 4096 1282 4151 postea
1312 4089 1474 4152 coepit
1494 4103 1607 4142 esse

549 4176 678 4212 onus
718 4171 1030 4228 aenatorum,
1067 4164 1123 4215 in
1158 4162 1371 4216 edendis
1417 4166 1606 4228 populo

547 4236 766 4300 'conida
785 4245 842 4294 ct
866 4239 1182 4292 circensibus
1206 4239 1575 4305 voluptatibus,

1749 747 2045 811 Postremo,
2057 746 2102 798 si
2117 749 2373 811 praterea
2388 750 2445 797 et
2455 741 2747 812 quat-‚arom

1686 823 1943 889 designati
1984 838 2088 875 non
2130 823 2390 887 adessent,
2431 823 2638 888 quando
2683 823 2750 873 ob

1686 900 1996 965 dignitatem
2027 900 2179 950 ludos
2197 898 2445 949 exhibere
2469 898 2752 961 debebant,

1686 976 2054 1041 plectebantur
2076 976 2504 1027 condemnatione
2516 973 2752 1025 frumen:-

1686 1054 1841 1118 turia,
1872 1054 1982 1104 sive
2020 1052 2285 1116 triticam,
2321 1066 2387 1102 ex
2422 1049 2751 1106 Constantini

1685 1130 1721 1181 1.
1755 1144 1796 1180 ι.
1829 1131 1942 1181 etl.
1964 1143 2028 1180 ιι.
2047 1130 2115 1180 de
2138 1138 2348 1194 pretor.
2372 1133 2427 1177 et
2461 1134 2651 1193 quast.
2686 1127 2748 1178 C.

1686 1206 1784 1257 Th.
1804 1205 2106 1256 confirmata
2128 1222 2160 1256 a
2182 1204 2489 1256 Constantio
2508 1203 2546 1255 l.
2571 1217 2661 1254 ιιι.
2695 1212 2751 1254 et

1687 1296 1789 1332 vn.
1809 1282 1925 1333 eod.
1948 1297 2067 1333 mox
2090 1298 2123 1332 a
2143 1281 2507 1330 Valentiniano
2525 1280 2562 1331 1.
2580 1291 2751 1331 xvm.

1689 1359 1891 1410 eodem.

1750 1434 1930 1485 Fiscus
1961 1448 2167 1500 quoque
2205 1447 2383 1482 eornm
2421 1432 2627 1481 nomine
2662 1446 2751 1482 ex·

1686 1509 1950 1574 pendebat
1971 1517 2187 1573 sumtus,
2198 1523 2326 1575 quoa
2340 1507 2587 1560 absentes
2610 1514 2754 1572 post·

1685 1600 1750 1635 ea
1786 1585 2064 1635 refundere
2104 1585 2446 1649 cogebantur,
2483 1585 2521 1635 l.
2544 1597 2627 1634 vr.
2666 1598 2750 1634 eo-

1686 1659 1825 1711 dem.
1864 1660 2151 1723 Virdaans.
2742 1671 2749 1680 ’

1749 1743 1783 1768 ¹¹
1822 1736 1907 1786 Uti
1929 1738 2067 1798 longe
2086 1752 2114 1786 a
2136 1737 2349 1801 ltu-turia,
2370 1737 2467 1801 ιἰιι]
2530 1738 2630 1801 Ut,
2656 1738 2751 1788 etie

1688 1812 1818 1862 amsi
1850 1826 1954 1861 non
1983 1812 2134 1862 nimis
2158 1813 2397 1877 profusus
2416 1820 2560 1864 esset
2580 1815 2638 1863 in
2672 1815 2750 1865 bis

1688 1887 1843 1952 ludis,
1882 1894 2056 1940 tamen
2093 1891 2391 1953 eoa-potius
2429 1890 2568 1940 fama
2610 1893 2750 1944 celee

1689 1963 1884 2027 brai-et,
1926 1971 1985 2015 ιιι
2026 1964 2345 2029 magnificos,
2388 1980 2543 2030 quam
2585 1973 2649 2016 ιιι
2683 1966 2749 2024 de

1690 2039 1860 2103 parvis
1883 2040 2157 2102 sumtibus,
2189 2053 2449 2105 parceque
2483 2040 2752 2107 exhibitis,

1687 2116 1867 2166 sileret
1886 2116 2065 2180 etiam,
2087 2124 2177 2165 aut
2199 2129 2286 2165 eos
2309 2121 2604 2179 sperneret.

1694 2231 1701 2236 .
1759 2189 2751 2256 Utilugsulaxuriufitafampmpaor]

1690 2268 1794 2320 Qut
1815 2269 1956 2320 locus
1993 2268 2220 2336 accipiet
2255 2269 2425 2317 lucem
2457 2281 2524 2316 ex
2562 2268 2749 2330 altero,

1687 2342 1825 2394 infra
1846 2348 1929 2394 19.
1961 2345 1979 2374 ‘
1998 2344 2084 2394 Ne
2107 2344 2347 2394 laureatis
2368 2342 2581 2406 quiden
2600 2351 2749 2407 gesta

1688 2428 1994 2484 prosecutus
2035 2427 2148 2480 est;
2177 2417 2269 2468 sed
2308 2420 2425 2481 ipsa
2460 2417 2748 2476 dissitum&

1690 2496 1831 2546 tione
1851 2494 2023 2557 fame,
2043 2493 2231 2545 famam
2255 2494 2436 2545 auxit?
2501 2494 2611 2544 Alii
2633 2496 2747 2545 lux·

1686 2572 1817 2633 uria,
1850 2571 2169 2623 abundantia
2207 2586 2381 2635 opum,
2419 2577 2477 2622 et
2512 2570 2748 2636 magnifi-

1687 2647 1881 2710 centia,
1911 2646 2100 2697 famam
2138 2653 2195 2698 et
2230 2660 2405 2697 auram
2444 2648 2745 2710 popularem

1687 2723 2019 2788 captabant3:
2034 2729 2091 2774 at
2110 2723 2374 2786 Agricola,
2397 2723 2540 2785 talia,
2564 2729 2624 2774 ut
2640 2724 2747 2776 ina-

1684 2801 1771 2852 uia
1806 2799 2117 2865 spernendo,
2138 2801 2253 2863 plus
2285 2799 2462 2864 glorie
2498 2805 2555 2847 et
2589 2797 2743 2849 fama

1685 2877 1868 2928 babuit
1904 2876 2040 2941 apud
2084 2876 2381 2940 prudentes.
2449 2876 2587 2925 Nam
2622 2874 2744 2932 dum

1687 2968 1755 3003 ex
1774 2953 1908 3004 ludis
1929 2967 2115 3015 nempe
2152 2959 2209 3002 et
2240 2952 2554 3016 spectaculis
2585 2950 2749 3000 inani-

1688 3027 1785 3079 bus
1808 3043 1993 3078 vanam‘
2011 3028 2227 3091 gloriam
2256 3028 2476 3091 spernit,
2498 3041 2565 3078 ex
2585 3027 2747 3078 solida

1688 3104 1883 3155 virtute
1903 3104 1981 3153 sui
2016 3102 2206 3154 famam
2229 3111 2416 3166 auget:
2451 3103 2575 3167 qnia
2597 3116 2742 3167 sper-

1688 3181 1765 3230 nit
1787 3181 1977 3244 inania,
1998 3194 2119 3229 vcra
2150 3180 2314 3242 gloria
2350 3179 2536 3242 dignus
2569 3192 2748 3229 cense-

1689 3261 1806 3308 turz
1842 3265 1933 3306 aut
1955 3255 2094 3306 fama
2112 3256 2280 3320 nia-ior
2297 3269 2363 3305 ex
2386 3270 2472 3316 eo,
2488 3255 2629 3319 quod
2650 3255 2747 3305 vir-

1687 3338 1805 3382 tute
1825 3333 2052 3396 propria,
2070 3346 2172 3381 non
2206 3332 2550 3396 prodigentia,
2573 3332 2747 3395 placu-

1687 3407 1793 3457 erit
1808 3408 2098 3466 melioribus
2114 3423 2128 3459 z
2157 3415 2247 3458 aut
2264 3414 2411 3457 certe
2432 3408 2747 3466 constantin

1687 3479 1823 3531 fama
1836 3482 2046 3544 exinde,
2059 3484 2196 3547 quod
2217 3484 2407 3532 usitata
2422 3483 2512 3533 illa
2533 3490 2593 3533 et
2616 3497 2750 3533 vana

1686 3556 1740 3606 in
1773 3558 1959 3621 vulgus
1981 3557 2230 3622 obsequia
2252 3572 2498 3622 spernere
2533 3557 2745 3609 tandem

1686 3647 1839 3684 ausus
1863 3633 1949 3696 sit,
1970 3640 2025 3683 et
2047 3632 2194 3684 bonis
2228 3633 2425 3684 artibus
2450 3635 2604 3684 evehi
2641 3650 2748 3687 ma·

1685 3708 1857 3758 luerit.

1692 3831 1701 3842 ,
1757 3784 1843 3833 Uti
1862 3784 1999 3846 louge
2018 3799 2051 3833 n
2070 3785 2286 3849 luxuria]
2349 3787 2504 3838 Teste
2531 3788 2746 3839 Sueton.

1687 3874 1818 3916 unus
1842 3859 2104 3923 Augustus
2135 3859 2352 3911 ‘fecisse
2391 3862 2541 3911 ludos
2575 3878 2635 3914 se
2672 3863 2747 3913 di·

1687 3938 1778 3998 cit,
1797 3951 1890 3987 suo
1913 3937 2116 3990 nomine
2138 3945 2324 4003 quater
2344 3948 2399 3988 et
2416 3939 2612 3989 vicies:
2649 3953 2746 4003 pre

1687 4014 1801 4063 aliis
1831 4012 2235 4077 magistratibus,
2259 4015 2344 4081 qui
2368 4023 2460 4065 aut
2497 4015 2749 4068 abessent

1685 4098 1778 4140 aut
1817 4103 1921 4142 non
1960 4088 2276 4154 sufficerent,
2320 4096 2401 4139 ter
2440 4096 2497 4154 et
2551 4089 2751 4154 vicies!

1683 4164 1760 4216 At
1780 4171 1930 4229 puto,
1954 4166 2118 4215 nullos
2140 4180 2206 4214 ex
2227 4165 2343 4215 istis
2366 4165 2748 4229 principalibus

1681 4239 1818 4300 ludis
1856 4241 2399 4302 minoris-constitisse
2428 4241 2749 4312 mentia,
