3000 4859
559 389 734 490 34²⁰

1268 403 1333 459 c.
1379 383 1739 458 connum
1787 398 2040 462 moiri

1557 619 1769 670 No‘rAE

562 743 858 797 diterranea
878 762 911 797 a
930 747 1062 820 mari
1092 748 1294 813 longius
1317 749 1622 800 recedentia

561 821 698 884 loca,
732 820 820 872 ubi
842 823 1103 873 succinum
1125 839 1192 874 ex
1228 829 1370 874 terra
1405 826 1618 875 eruitur.

564 895 716 949 Quod
740 903 914 947 autem
953 898 1108 946 etiam
1145 912 1210 946 ex
1246 912 1398 963 aqna,
1436 913 1622 963 nempe

561 973 616 1021 ln
639 969 1026 1023 mari'Baltbico
1048 974 1299 1036 hauritur,
1330 975 1547 1037 aliisque
1571 976 1621 1024 in

561 1046 773 1097 lacubus
795 1056 847 1097 et
871 1046 1162 1098 fluminibus
1184 1049 1462 1114 aliquando
1482 1051 1623 1100 colli-

565 1123 723 1188 gitur,
741 1123 868 1173 illud
893 1126 967 1173 ita
988 1124 1100 1173 fieri
1125 1125 1378 1174 existimo.

630 1197 875 1263 Giguitur
898 1201 947 1247 in
980 1206 1130 1249 terrie
1157 1201 1435 1249 visceribus
1458 1199 1624 1251 succi-

566 1289 714 1336 num;
736 1276 1132 1338 tempestatibus
1148 1284 1316 1325 autem
1332 1276 1626 1340 ingentibus

563 1364 709 1401 mare
749 1351 1066 1400 concitatum
1100 1357 1294 1400 terram
1336 1353 1480 1414 eluit,
1512 1367 1624 1402 suc—

565 1426 857 1491 «titiumque,
892 1426 1027 1488 quod
1064 1432 1220 1476 antea
1250 1434 1392 1475 terra
1427 1427 1627 1476 latebat

568 1501 831 1560 obrutum,
870 1500 1122 1561 denudat,
1159 1502 1333 1565 sicque
1374 1502 1439 1549 ad
1480 1502 1627 1552 littus

567 1577 832 1642 propellit.
901 1578 1017 1625 Dici
1035 1581 1189 1630 etiam
1214 1577 1405 1641 potest,
1423 1586 1626 1627 montes

569 1653 622 1701 in
645 1652 772 1701 mari
795 1653 891 1701 sub
916 1653 1063 1701 undis
1085 1653 1327 1715 latentes,
1349 1659 1625 1716 tempesta·

568 1728 706 1779 tibus
723 1728 822 1777 illis
843 1728 1100 1792 abrumpi,
1117 1743 1375 1793 venasque
1397 1743 1459 1777 eo
1478 1730 1628 1778 modo

569 1804 781 1868 aperiri.

631 1879 736 1928 Sed
760 1895 959 1944 quoeres
977 1879 1043 1927 ad
1062 1879 1313 1943 quodnam
1337 1894 1495 1942 genus
1517 1894 1628 1929 cor·

568 1970 753 2022 porum
771 1956 1223 2005 subterraneorum
1249 1956 1426 2019 possit
1463 1956 1628 2006 succi-

569 2045 689 2080 num
735 2029 953 2081 referri?
1009 2030 1144 2080 Illud
1185 2030 1415 2080 breviter
1455 2031 1627 2080 verbis

571 2106 679 2155 Dn.
697 2104 775 2154 M.
801 2106 1113 2156 Hartmanui
1144 2106 1448 2170 explicabo:
1500 2107 1628 2156 Sub·

570 2187 882 2238 terraneam,
942 2182 1130 2245 inquit,
1187 2195 1303 2230 esse
1361 2181 1626 2231 succinum

573 2254 715 2317 apud
733 2269 910 2304 omnes
929 2255 980 2303 ln
1004 2253 1240 2305 confesso
1263 2262 1361 2318 est,
1383 2255 1540 2320 idque
1562 2271 1627 2305 ex

571 2330 788 2382 historia
802 2331 923 2381 satis
943 2332 1218 2396 probatur:
1253 2339 1309 2382 et
1326 2347 1441 2382 cnm
1459 2332 1513 2382 id
1529 2347 1628 2382 nec

574 2409 715 2473 duci,
736 2424 833 2461 nec
855 2408 1000 2461 fundi
1024 2412 1204 2476 possit,
1234 2419 1386 2476 patet
1406 2413 1630 2462 metallis

572 2500 675 2536 non
697 2486 1070 2537 accensendum
1094 2501 1224 2548 esse,
1238 2501 1403 2552 neque
1422 2489 1632 2553 reliquis

572 2559 820 2612 fossilium
851 2562 1145 2627 generibus,
1175 2566 1351 2624 terris,
1382 2563 1635 2627 sulphuri,

577 2643 666 2684 ant
701 2637 943 2687 bitumini
984 2637 1459 2687 annumerandum:
1494 2637 1632 2702 quod

574 2711 781 2762 succino
824 2712 989 2775 major
1034 2712 1156 2763 insit
1193 2712 1441 2778 soliditas,
1481 2729 1633 2778 quam

577 2787 766 2837 ceteris
808 2788 1053 2852 ejusmodi
1099 2787 1375 2840 fossilibus.
1448 2789 1637 2840 Restat

576 2865 753 2931 igitur,
788 2872 849 2916 ut
877 2865 1112 2916 dicamus
1148 2882 1260 2917 esse
1296 2866 1539 2931 lapidem,
1583 2871 1638 2916 et

575 2942 783 3007 quidem
803 2957 907 2992 non
926 2958 992 2992 ex
1024 2957 1281 3006 saxorum,
1310 2949 1402 2993 aut
1424 2956 1640 2992 marmo-

575 3034 707 3082 rum,
738 3019 831 3069 sed
847 3034 944 3069 uec
961 3033 1027 3069 ex
1059 3018 1283 3083 lapidum
1302 3019 1642 3084 peculiariter

579 3096 658 3150 ita
692 3096 947 3146 dictorum
979 3110 1186 3157 genere,
1222 3097 1315 3145 sed
1347 3111 1640 3162 gemmam3

579 3171 755 3237 sicque
767 3180 889 3235 apte
905 3171 1204 3233 responderi
1222 3173 1387 3236 possit
1405 3172 1470 3221 ad
1483 3187 1642 3242 quaes·

580 3247 776 3297 tionem
813 3246 937 3313 quid
972 3247 1062 3309 sit,
1106 3262 1224 3297 cum
1264 3256 1494 3298 naturam
1533 3249 1641 3313 ejus

579 3328 727 3372 recte
743 3323 1020 3387 exprimat.
1049 3322 1135 3371 sic
1147 3321 1467 3372 Hmmkias
1476 3324 1561 3373 lib.
1579 3338 1639 3376 u.

578 3396 639 3445 de
657 3396 841 3445 aceiae
863 3398 1028 3446 Prusa.
1052 3413 1095 3444 c.
1118 3401 1168 3446 2.
1188 3398 1233 3460 ς.
1258 3399 1347 3447 alt.

645 3471 805 3521 Forte
842 3485 940 3520 nec
977 3471 1183 3535 proprie
1218 3473 1507 3533 metallum,
1542 3488 1637 3524 nec

580 3544 775 3609 fossile,
796 3561 893 3597 nec
913 3546 1065 3609 lapis,
1084 3554 1173 3597 aut
1190 3561 1390 3611 gemma
1405 3546 1511 3597 dici
1528 3563 1642 3613 pos·

582 3623 678 3676 sit.
758 3622 862 3672 Sed
904 3623 1076 3687 potius
1120 3621 1373 3686 quoddam
1416 3623 1640 3673 medium

581 3701 684 3760 est,
703 3698 840 3763 quod
862 3697 1165 3749 distinctum
1196 3699 1371 3763 specie
1394 3714 1427 3749 a
1447 3701 1638 3750 ceteris

581 3772 843 3825 fossilibus
863 3781 920 3823 et
940 3773 1153 3836 gemmis
1172 3774 1333 3838 ipsis:
1369 3790 1472 3825 uon
1494 3781 1640 3826 certe

584 3852 706 3904 duci
722 3851 856 3902 euim
872 3857 964 3901 aut
979 3849 1126 3901 fundi
1139 3861 1312 3917 potest
1329 3862 1390 3906 ut
1405 3857 1640 3918 metalla;

581 3935 641 3986 et
662 3925 869 3978 solidius
902 3933 985 3976 est
1017 3942 1169 3992 quam
1203 3928 1426 3990 fossilia3
1459 3939 1519 3982 et
1540 3933 1639 3982 boe

583 4002 740 4070 babet
778 4002 938 4052 etiam
978 4001 1175 4066 insigne
1218 4009 1275 4054 et
1314 4003 1572 4056 diversum
1611 4021 1644 4057 a

584 4077 819 4142 gemmis,
859 4076 998 4142 qnod
1043 4077 1196 4128 aliter
1238 4088 1543 4131 concrescat
1585 4089 1642 4133 et

583 4151 888 4218 coaguletur
927 4154 982 4203 ln
1024 4159 1142 4204 ortu
1179 4169 1291 4217 suo,
1325 4169 1536 4221 nempe,
1575 4173 1644 4208 ex

584 4228 839 4293 pinguiori
873 4228 1126 4296 materia,
1159 4230 1253 4282 sed
1290 4237 1464 4296 tamen
1497 4233 1646 4299 quasi

1698 747 1859 809 fusili,
1895 755 1952 799 et
1983 762 2099 812 quas
2132 745 2372 811 tepescit,
2410 759 2473 795 ac
2504 743 2670 797 veluti
2698 743 2759 802 11,-

1699 823 1881 889 quefit,
1900 825 2021 873 dum
2043 823 2288 873 coalescit
2309 821 2362 871 in
2385 835 2594 885 corpus,
2617 820 2755 886 quod

1700 897 1951 948 solidatur
1972 900 2178 961 sensim,
2212 906 2301 947 aut
2336 913 2470 961 aqua
2491 905 2580 947 aut
2603 896 2756 957 aere,

1702 975 1863 1039 igitur
1904 975 2063 1025 babet
2100 973 2295 1038 aliquid
2358 973 2662 1022 distinctum
2703 979 2759 1022 et

1706 1051 1985 1115 proprium,
2014 1050 2124 1099 sive
2150 1051 2199 1097 in
2222 1056 2359 1106 ortu,
2392 1051 2500 1096 sive
2522 1048 2678 1096 etiam
2704 1046 2758 1096 iu

1703 1125 2048 1187 dissolutione,
2063 1123 2197 1188 qnod
2216 1122 2354 1174 forte
2374 1138 2472 1172 non
2492 1123 2543 1171 in
2559 1134 2763 1185 gemma

1706 1200 1809 1249 ulla
1831 1200 2072 1262 reperias.
2142 1199 2344 1261 Nempe
2362 1205 2418 1248 ut
2440 1197 2688 1262 liquescit
2704 1197 2758 1245 iu

1706 1282 1841 1337 ortu,
1876 1274 2011 1323 baud
2051 1274 2207 1323 dubie
2245 1288 2310 1322 ex
2345 1275 2514 1323 calore
2537 1274 2760 1335 interno,

1705 1348 1759 1398 in
1782 1350 2063 1399 visceribus
2092 1358 2282 1407 terroe;
2316 1349 2390 1397 ita
2423 1357 2479 1398 et
2514 1345 2626 1398 fere
2661 1346 2761 1397 dis·

1703 1425 1936 1486 solvitur,
1966 1425 2085 1486 igne
2108 1423 2334 1485 admoto,
2363 1424 2494 1474 etin
2517 1437 2763 1486 vaporeus

1702 1513 1861 1548 suave
1900 1501 2127 1549 olentem
2172 1500 2462 1549 resolvitur.
2529 1498 2760 1563 Ideoque

1707 1588 1853 1638 reges
1891 1574 2124 1624 Orientis
2146 1574 2284 1639 apud
2306 1589 2442 1636 aras,
2471 1580 2526 1623 et
2547 1585 2764 1637 praeser-

1708 1651 1800 1702 tim
1832 1653 1971 1702 iuter
2004 1650 2298 1715 splendidas
2331 1650 2509 1713 epulas
2546 1645 2765 1699 flammis

1709 1727 1919 1778 adolent
1940 1728 2066 1790 Soli,
2099 1736 2189 1777 aut
2227 1727 2335 1790 igni
2368 1726 2488 1790 ipsi,
2508 1739 2663 1789 quem
2685 1739 2764 1774 so·

1708 1805 1814 1854 lum
1845 1809 2133 1868 agnoscunt
2169 1804 2355 1864 Deum,
2391 1814 2626 1864 maguam
2659 1798 2764 1849 vim

1708 1879 1901 1930 succini
1938 1879 2254 1938 etiamnnm;
2298 1882 2354 1926 et
2386 1875 2545 1925 facile
2578 1873 2765 1927 foculis

1670 1956 1882 2021 ‘ignitis
1905 1958 2181 2007 resolvitur
2210 1958 2260 2006 in
2292 1955 2508 2015 fimum,
2539 1954 2769 2004 exhalat-

1709 2047 1825 2098 que.
1890 2032 1966 2083 At
1985 2046 2202 2097 gemma
2221 2046 2386 2091 acres,
2409 2030 2691 2094 indomitae,
2713 2038 2770 2079 et

1706 2109 2083 2172 pervicaciores
2105 2108 2353 2158 adversus
2375 2108 2566 2172 ignem,
2600 2113 2660 2156 et
2681 2121 2772 2170 po-

1707 2184 1808 2234 tins
1832 2186 2225 2248 abrumpamur,
2247 2198 2400 2248 quam
2420 2183 2658 2232 ardeant.
2698 2183 2773 2233 Et

1707 2259 1888 2326 quidni
1909 2260 2169 2324 propriam
2192 2260 2420 2324 speciem
2442 2258 2771 2308 subterranei

1709 2336 1898 2388 fossilis
1938 2336 2265 2387 constituerit
2309 2335 2604 2387 succinum?
2654 2349 2772 2385 nam

1709 2418 1767 2462 et
1804 2427 1871 2461 ex
1909 2419 2049 2461 terra
2085 2411 2316 2471 eruitur3
2358 2410 2433 2460 ita
2470 2416 2530 2459 nt
2563 2407 2775 2459 differat

1712 2502 1902 2552 genere
1923 2495 1980 2538 et
2001 2487 2175 2552 specie
2209 2500 2240 2535 a
2273 2486 2492 2535 metallis
2512 2492 2568 2535 et
2590 2486 2778 2549 lapidi·

1712 2563 1805 2613 bus
1828 2569 1885 2613 et
1904 2563 2115 2625 gemmis
2133 2562 2276 2625 ipsis,
2295 2570 2351 2612 et
2371 2562 2549 2626 specie
2573 2568 2775 2611 tantum

1712 2637 1979 2700 discrepet
2009 2652 2042 2685 a
2077 2638 2263 2687 ceteris
2298 2635 2570 2687 fossilibus.
2639 2638 2777 2687 Nam

1713 2720 1770 2763 et
1793 2719 1938 2762 certe
1966 2708 2216 2774 funditur,
2249 2720 2339 2761 aut
2360 2712 2503 2776 quasi
2524 2709 2778 2774 funditur,

1716 2801 1833 2838 cum
1872 2788 2100 2852 tepescit
2135 2787 2255 2852 igne
2294 2793 2350 2837 et
2389 2784 2624 2851 liquefit?
2657 2801 2775 2836 nani

1718 2863 1994 2916 resolvitur
2014 2865 2065 2913 in
2080 2864 2295 2914 odorem
2318 2870 2375 2913 et
2410 2866 2425 2892 ‘
2450 2872 2508 2914 nt
2531 2864 2587 2913 in
2608 2862 2777 2928 picem

1719 2942 2003 2991 resinamve
2039 2939 2313 3004 lentescit,'
2350 2938 2495 3005 quasi
2517 2938 2775 2989 funditur.

1722 3018 1855 3068 Nam
1897 3031 1963 3068 ex
2001 3017 2173 3067 Plinio
2217 3017 2429 3076 ibidem,
2465 3017 2480 3044 ‘
2504 3014 2779 3082 Liquidum

1720 3093 1888 3158 primo
1910 3093 2170 3143 destillare
2187 3099 2490 3156 argumento
2508 3098 2633 3143 sunt
2645 3106 2780 3156 que·

1720 3167 1837 3217 dam
1859 3169 1996 3217 intus
2020 3167 2409 3230 translucentia,
2447 3173 2505 3217 ut
2527 3165 2782 3230 formicae,

1722 3251 1813 3293 aut
1856 3244 2050 3294 culices
2095 3243 2447 3309 lacertosque!
2514 3244 2585 3294 Et
2622 3242 2779 3307 infra,

1718 3321 1735 3349 ⁴
1758 3322 2164 3385 Rapacissimum
2200 3319 2413 3384 ignium,
2449 3327 2505 3370 et
2548 3319 2593 3368 si
2621 3319 2782 3384 juxta

1719 3394 1934 3458 fuerint,
1966 3396 2233 3446 celerrime
2264 3394 2574 3445 ardescens!
2637 3394 2781 3457 Ergo

1717 3479 1779 3522 ut
1801 3472 1964 3536 primo
1983 3473 2286 3536 congelatur
2307 3478 2361 3522 et
2382 3471 2686 3533 concrescit,
2707 3470 2783 3522 ita

1719 3552 1776 3597 et
1796 3561 1916 3597 mox
1938 3546 2246 3602 dissolvitur.
2287 3547 2427 3598 Ibid.
2479 3548 2496 3576 ⁴
2525 3547 2785 3598 Ramenta

1719 3638 1925 3688 quoque
1949 3623 2062 3687 ejus
2095 3624 2147 3673 lu
2183 3624 2298 3674 oleo
2320 3623 2521 3686 addita,
2552 3620 2785 3688 flagrant

1720 3698 1995 3749 dilucidius
2008 3699 2323 3765 diutiusque,
2342 3714 2492 3765 quam
2513 3699 2603 3749 lini
2622 3698 2784 3764 [pini]

1720 3773 1976 3825 medulla!
2017 3776 2136 3825 Nou
2159 3790 2273 3825 esse
2298 3791 2512 3840 gemma
2537 3776 2785 3841 speciem,

1722 3857 1871 3915 patet
1904 3852 2063 3902 etiam
2097 3866 2163 3900 ex
2200 3852 2280 3901 bis
2315 3852 2494 3916 Plinii,
2524 3852 2785 3917 quiasdl.

1720 3941 1935 3990 gemmae
1953 3942 2052 3976 non
2070 3928 2291 3978 colorem
2311 3928 2543 3979 nativum
2558 3935 2786 3995 mutant,

1721 4018 1890 4069 neque
1909 4004 2173 4069 tinguntur
2191 4013 2280 4056 aut
2292 4004 2606 4057 inficiuntur.
2640 4006 2783 4057 Ibid.

1721 4082 1739 4109 ‘
1766 4080 1975 4131 Genera
2016 4081 2266 4145 [succini]
2306 4082 2477 4146 plura.
2546 4082 2786 4133 Candida

1724 4155 1896 4206 odoris
1931 4156 2346 4221 prestantissimi
2366 4173 2382 4206 :
2428 4155 2521 4207 sod
2553 4171 2654 4208 nec
2686 4157 2786 4223 bis,

1722 4246 1819 4284 nec
1837 4233 2003 4286 cereis
2020 4233 2244 4300 pretium
2262 4248 2279 4296 ς
2308 4231 2465 4284 fulvis
2480 4232 2653 4299 major
2663 4247 2793 4286 auc-
