3000 4859
2320 357 2500 426 '8711

302 523 477 588 sorte
508 518 833 597 saltam*
859 519 1182 586 dicantur.
1229 521 1553 604 Equidem
1582 541 1718 586 non
1736 520 2133 604 negaverim,
2165 519 2502 586 Cassium*

303 621 643 699 Severum,
689 633 880 705 quem
930 623 1142 686 solnm
1179 621 1361 705 Aper
1391 630 1613 687 noster
1662 624 2000 687 nominare
2032 643 2240 687 ausus
2270 629 2395 701 est,
2418 624 2503 688 'si

300 722 406 788 his
430 731 872 806 comparetur,
918 725 1033 806 qui
1073 730 1305 808 postea
1333 724 1618 799 fuerunt,
1665 744 1871 807 posse
1899 731 2222 789 oratorem
2251 724 2504 803 vocari,

299 844 683 908 quanquam
728 827 797 889 in
840 844 1085 907 magna
1130 829 1318 908 parte
1365 826 1704 890 librorurn‘¹
1751 845 2022 890 suorum
2052 828 2201 910 plns
2231 829 2360 890 vis⁵
2387 827 2508 891 ha-

301 925 483 1004 beat,
546 947 744 1010 quam
783 929 1185 1010 sanguinis!
1299 926 1565 993 Primus
1614 929 1812 1006 enim,
1869 927 2229 994 contemto⁶
2276 929 2507 993 ordine

1009 375 1138 425 ms
1149 374 1412 436 nocue,
1457 375 1623 425 cu.
1664 359 1776 425 26.
1806 395 1814 403 ·

1234 1088 1376 1109 ‘OM‘
1379 1089 1434 1108 ‘O
1468 1090 1586 1108 ‘50‘

303 1168 394 1219 lta
435 1170 631 1233 optime
670 1170 893 1234 Lipsius.
960 1171 1025 1220 In
1069 1170 1330 1220 veteribus
1362 1170 1690 1234 editionibus,
1739 1178 1928 1223 temere.
1932 1177 2027 1222 —5
2082 1173 2296 1222 Frustra
2335 1178 2509 1223 tentat

308 1234 624 1301 Gronovius,
647 1237 881 1299 plustre.
931 1235 1174 1287 Ridicule
1193 1208 1690 1300 Scburzfleiscbius,
1693 1238 1804 1301 plus
1819 1241 1974 1301 paris.
2008 1238 2331 1289 Brotier.-—6
2361 1237 2507 1287 Male

1205 1418 1210 1422 ·
1309 1379 1524 1431 NOTAE

305 1487 511 1538 Plinius
532 1488 583 1537 id
603 1489 828 1541 illustrat
849 1493 1017 1557 Epist.
1039 1508 1103 1544 n.
1129 1493 1239 1546 14.ss
1263 1493 1367 1543 Pu·
1445 1494 1587 1544 clere
1611 1501 1666 1546 et
1701 1493 1943 1558 facunde,
1989 1496 2129 1561 quod
2162 1498 2400 1545 oratores
2435 1499 2511 1541 te-

308 1563 400 1614 det
421 1563 640 1628 referre,
677 1580 812 1630 quae,
847 1583 999 1632 qnam
1035 1567 1209 1619 fracta
1247 1582 1367 1632 pro·
1443 1583 1571 1618 nera
1593 1570 1820 1621 delicata
1843 1578 1899 1620 et
1928 1571 2151 1621 infracta
2172 1569 2325 1620 variis
2342 1566 2512 1618 modis

309 1642 636 1691 nuntiatione
675 1643 936 1693 dicautur:
973 1646 1179 1708 quibus,
1217 1659 1367 1709 quam
1443 1643 1686 1695 facundia
1709 1647 2113 1712 exequebantur.

207 1763 220 1774 ,
305 1716 497 1764 teneris
514 1717 825 1766 clamoribus
839 1719 1178 1782 excipiantur.
1219 1721 1371 1769 Plau-

311 1805 397 1839 sus
421 1798 642 1853 tanturn,
682 1807 744 1841 ac
785 1795 958 1855 potins
991 1796 1102 1844 sola
1133 1795 1370 1859 cymbala

309 1873 363 1916 et
419 1874 664 1930 tympana
716 1869 817 1918 illis
859 1871 1094 1920 cantibus
1150 1871 1373 1921 desunt-⁹

309 1942 522 2005 Lipsius.
588 1943 740 1993 Ia'cet
768 1945 1075 2009 quandoque
1107 1945 1372 1996 laudabilis

309 2019 379 2068 sit
398 2020 563 2068 oratio
589 2027 785 2084 tenera,
823 2023 1009 2084 mollis,
1042 2029 1096 2070 et
1115 2020 1375 2086 flexibilis,

308 2094 608 2145 teneritudo
673 2102 846 2146 tamen
907 2098 1071 2160 magis
1121 2097 1375 2161 saltantis,

311 2185 463 2235 quam
484 2171 707 2222 dicentis
728 2174 838 2222 laus
861 2181 960 2223 est.
1025 2174 1175 2225 Sicut
1201 2182 1370 2225 orato·

310 2246 503 2309 risen,
520 2246 714 2296 diserte
750 2247 959 2309 dicere;
992 2248 1068 2298 sic
1092 2250 1372 2312 histrionis,

311 2328 493 2372 tenere
529 2323 736 2372 saltare.
806 2324 975 2373 Cicer.
1013 2324 1066 2372 in
1098 2324 1368 2374 Pisonem:

309 2397 749 2449 ‘Samothraciam
825 2405 880 2447 te
946 2400 1184 2461 primum,
1250 2399 1370 2449 inde

310 2472 562 2524 narsum
609 2488 726 2522 curn
764 2474 840 2522 bis
880 2474 1074 2523 teneris
1112 2474 1374 2524 saltatori-

308 2549 425 2612 bus,
456 2555 513 2597 et
534 2563 651 2598 cum
678 2549 933 2599 Antobalo
959 2550 1288 2612 Athamante,
1319 2558 1376 2601 et

311 2625 559 2684 Timocle,
580 2622 813 2673 formosis
834 2622 1101 2686 fratribus,
1132 2625 1378 2675 contulis-

315 2698 391 2749 ti:
454 2698 605 2760 Ideo,
649 2698 736 2762 qui
779 2700 966 2748 virilem
1003 2707 1060 2749 et
1100 2701 1376 2750 masculam

313 2774 600 2825 orationem
656 2772 992 2834 affectabant,
1046 2777 1374 2825 currentibus

315 2850 470 2900 etiam
513 2850 757 2908 numeris,
793 2865 896 2913 quo
934 2865 1024 2900 eos
1065 2851 1374 2914 inhiberent,

317 2926 669 2990 objiciebant,;
701 2940 804 2989 quo
842 2927 953 2978 scil.
994 2933 1225 2977 teneram
1247 2927 1376 2977 deli·

316 3009 589 3066 cetumque
620 3001 916 3052 modulandi
952 3004 1271 3065 voluptatem
1304 3017 1381 3052 re-

263 3111 270 3114 -
317 3076 582 3141 fugerent,
635 3084 695 3126 ut
738 3078 805 3127 de
853 3080 1085 3128 Pollione
1129 3085 1380 3129 memorat

317 3154 688 3205 Quintilianus.
723 3154 960 3205 Sancti-n.

341 3257 348 3266 ·
390 3229 568 3279 Tenere
586 3228 763 3290 dicere]
817 3230 951 3278 Pliu.
990 3229 1160 3293 Epist.
1194 3233 1382 3281 111.18.

317 3306 335 3336 ⁶
355 3305 713 3356 Animadverti
743 3306 882 3354 enim
901 3306 1227 3354 severissima
1248 3321 1386 3368 qua·

322 3395 424 3447 que
447 3383 527 3430 vel
551 3380 773 3430 maxime
797 3378 1114 3428 satisfacere.
1169 3379 1384 3429 Memini

322 3456 534 3523 quidem
555 3470 636 3505 me
649 3470 751 3504 non
770 3455 945 3503 multis
963 3455 1228 3516 recitasse,
1248 3454 1385 3518 qnod

323 3531 558 3583 omnibus
589 3530 802 3594 scripsi3
836 3530 1158 3579 nibilominus
1194 3538 1388 3590 tamen,

324 3617 570 3672 tanquam
609 3608 679 3655 sit
716 3606 896 3656 eadem
939 3607 1163 3655 omnium
1209 3604 1388 3656 sutura

322 3687 601 3750 sententia,
637 3688 732 3735 bac
765 3686 1047 3736 severitate
1077 3686 1275 3734 aurium
1301 3684 1385 3733 lae-

325 3771 426 3815 tor.
490 3761 572 3813 Ac
593 3761 729 3812 sicut
749 3762 868 3811 olim
892 3763 1095 3814 theatra
1123 3761 1255 3810 male
1278 3775 1385 3809 mu-

326 3842 464 3892 sicos
499 3854 685 3889 canere
725 3838 1028 3900 docuerunt,
1065 3841 1140 3887 ita
1179 3836 1386 3887 nuncin

325 3931 473 3982 spem
495 3915 741 3975 adducor,
774 3930 926 3978 posse
946 3914 1080 3977 fieri,
1114 3923 1172 3963 ut
1206 3914 1386 3964 eadem

327 3994 535 4045 theatra
601 3993 734 4042 bene
788 4007 976 4043 canere
1031 3992 1251 4042 musicos
1301 3993 1386 4039 do-

328 4069 521 4122 ceant?

391 4144 417 4179 δ
447 4145 645 4195 Πίσιν-ει
661 4142 859 4205 muare]
894 4145 1029 4197 Quia
1068 4144 1177 4195 scil.
1217 4143 1392 4207 expri-

331 4218 718 4272 mebant‘miml
757 4218 903 4270 vario
940 4220 1079 4272 saltu
1116 4225 1393 4286 gestuque,

1513 1721 1810 1786 tenuium]
1876 1722 2038 1773 Cassii
2077 1722 2232 1786 hujus
2277 1716 2511 1770 meminit

1447 1797 1568 1846 Tac.
1591 1810 1628 1847 1.
1652 1803 1733 1847 72.
1755 1807 1808 1847 et
1832 1813 1908 1848 ιν.
1933 1805 2014 1848 21.

1515 1871 1539 1905 ‘¹
1570 1873 1845 1938 Librorum]
1878 1874 2002 1924 Scil.
2034 1877 2291 1923 vocantur
2325 1866 2513 1919 oratio·

1452 1962 1563 2009 nes,
1584 1954 1860 2012 postquam
1881 1950 2038 1999 editre
2057 1956 2193 2010 sunt,
2213 1946 2342 1996 libri.
2376 1946 2513 1994 Num

1453 2036 1542 2071 eas
1562 2023 1877 2086 relegebant,
1898 2024 2272 2085 retractabant,
2288 2036 2351 2071 ac
2372 2032 2516 2083 saepe

1453 2097 1712 2161 augebant
1735 2105 1789 2149 et
1818 2100 2089 2162 ornabant,
2128 2106 2404 2163 postquam
2426 2095 2517 2145 de·

1453 2172 1798 2223 clamassent:
1833 2188 1930 2224 nec
1960 2175 2124 2223 solnm
2162 2172 2392 2233 auribus,
2423 2167 2517 2218 sed

1451 2256 1508 2299 et
1542 2249 1748 2312 ingenio
1785 2256 1842 2299 et
1878 2250 2042 2299 oculis
2078 2247 2362 2312 legentium
2396 2257 2520 2308 ope·

1451 2338 1561 2372 ram
1587 2324 1809 2375 dabant.
1864 2326 1951 2377 Sic
1973 2326 2131 2376 etiam
2153 2321 2377 2388 posteris
2400 2333 2522 2370 con·

1455 2398 1708 2449 sulebaut.

1518 2484 1542 2510 ⁸
1562 2474 1684 2523 Plus
1703 2474 1776 2524 vis
1790 2508 1830 2526 ..
1849 2508 1863 2523 .
1880 2491 2018 2538 qum
2035 2473 2300 2536 sanguinis]
2331 2471 2521 2522 Fabius

1457 2548 1522 2598 de
1545 2550 1760 2601 eodem:
1793 2554 1808 2579 ‘
1831 2550 2037 2613 Ingenii
2066 2550 2341 2613 plurimum
2364 2554 2446 2596 est
2467 2547 2522 2595 in

1456 2639 1541 2686 eo,
1562 2632 1616 2674 et
1639 2625 1894 2676 acerbitas
1917 2625 2064 2688 mira,
2082 2633 2138 2673 et
2162 2623 2446 2684 urbanitas,
2468 2629 2526 2670 et

1457 2701 1534 2750 vis
1553 2714 1780 2763 summa3
1816 2701 1907 2750 sed
1932 2703 2047 2764 plus
2082 2700 2345 2750 stomacho
2370 2712 2523 2764 quam

1455 2779 1675 2829 consilio
1699 2779 1880 2829 dedit!
1913 2780 2143 2829 Schelius.

1520 2854 1642 2902 Plus
1661 2855 1733 2903 vis
1753 2854 1922 2903 habeut
1942 2870 2081 2918 quum
2102 2850 2371 2915 sung-uinis]
2402 2852 2524 2901 'Le-

1457 2943 1552 2991 ge:
1601 2931 1707 2992 plus
1738 2930 1829 2978 irae
1863 2929 2032 2978 habeat
2074 2943 2233 2992 quest·
2258 2927 2523 2989 sanguinis.

1456 3006 1580 3054 Tac.
1603 3004 1740 3054 Anu.
1764 3019 1804 3054 1.
1839 3007 1855 3033 ‘
1880 3004 2048 3054 Cassii
2070 3004 2252 3052 Severi
2289 3002 2527 3065 libidine,

1461 3096 1567 3145 qun
1598 3080 1735 3129 viros
1770 3079 2109 3144 foeminasque
2143 3079 2371 3128 illustres
2414 3092 2532 3141 pro-

1461 3156 1671 3206 cacibus
1710 3155 1920 3218 scriptis
1951 3153 2344 3204 diffamaveraw
2410 3153 2527 3203 Lib.

1461 3246 1541 3282 ιν.
1576 3232 1591 3260 ‘
1617 3230 1861 3280 Relatum
1893 3238 1947 3280 et
1986 3231 2052 3280 dc
2088 3230 2268 3282 Cassio
2299 3229 2529 3291 Seven-03

1465 3308 1555 3373 qui
1581 3305 1805 3358 sordido
1843 3307 2071 3370 originis,
2110 3304 2359 3355 maleficae
2379 3304 2528 3367 vitae,

1465 3381 1558 3432 sed
1602 3381 1783 3431 orandi
1828 3383 2044 3444 validus,
2093 3396 2190 3446 per
2230 3381 2531 3431 immodicas

1465 3457 1781 3517 inimicitias,
1813 3463 1873 3506 ut
1900 3457 2101 3520 judicio
2134 3457 2299 3521 jurati
2321 3461 2530 3507 senatus

1465 3536 1674 3584 Cretam
1695 3523 2046 3593 amoveretur,
2069 3531 2318 3582 effecerat
2338 3539 2534 3599 {atque

1463 3609 1571 3658 illic
1590 3609 1772 3657 eadem
1789 3607 2071 3670 actitando,
2088 3607 2318 3656 recentia
2331 3614 2534 3656 vetera·

1466 3698 1567 3749 qne
1592 3683 1713 3732 odia
1734 3682 1997 3732 advertit!
2037 3683 2322 3733 Gronovius.

1539 3759 1626 3809 Vis
1662 3759 1744 3807 bic
1781 3766 1836 3808 et
1871 3759 1949 3808 ira
1987 3758 2098 3808 fere
2140 3759 2278 3808 idem
2299 3763 2411 3815 est3
2438 3757 2535 3819 eis,

1467 3835 1519 3885 id
1567 3841 1665 3896 est,
1706 3834 1944 3897 impetus,
1978 3833 2259 3892 violentiae,
2299 3832 2535 3881 saevitioe.

1469 3913 1602 3963 Qum
1625 3919 1772 3959 certe
1792 3910 1889 3971 vis,
1912 3911 1965 3959 iu
1989 3909 2188 3969 Cassio,
2218 3906 2321 3956 fuit
2344 3899 2534 3955 atroci-

1469 3992 1549 4036 tas
1574 3984 1785 4048 ingenii,
1821 3983 1889 4034 ob
1909 3995 2061 4047 quam
2085 3982 2137 4031 in
2162 3982 2377 4031 insulam
2398 3995 2535 4030 amo·

1471 4068 1555 4112 tus
1595 4066 1695 4111 est.
1760 4061 1831 4109 Et
1873 4067 2046 4107 tamen
2086 4055 2241 4121 infra,
2278 4056 2536 4119 ‘ipsarum

1469 4140 1659 4192 virium
1682 4136 1901 4198 robore,’
1934 4136 2001 4185 de
2024 4135 2209 4185 eodem
2232 4134 2426 4184 Cassio.

1473 4241 1480 4244 v
1536 4216 1660 4268 Plus
1693 4213 2020 4278 06³...an
2060 4207 2330 4275 unguinis]
2399 4208 2539 4261 Emi-
