3000 4859
1324 353 1423 403 DE
1468 350 1948 404 olzavomnus

1525 600 1579 651 N
1583 599 1742 651 01·AE

439 762 455 781 .
536 714 755 779 audibit,
777 715 892 780 jam
913 713 971 763 tu
993 717 1080 764 oo.
1116 726 1280 763 anuos
1303 718 1424 763 ante
1446 712 1599 763 Taci-

536 803 668 857 tum,
688 796 991 856 computare
1015 790 1196 855 possis.
1261 791 1436 842 Quare
1458 787 1598 839 forte

536 880 595 923 et
639 867 977 935 profluentior
1016 866 1130 915 lioec
1169 866 1465 929 eloquentia
1498 872 1601 926 est,

537 958 694 1011 quam
728 950 787 993 ut
820 941 987 991 Taciti
1028 956 1140 990 aevo
1177 942 1302 991 satis
1323 948 1596 1006 congruat.

537 1024 615 1075 At
646 1037 746 1073 non
768 1022 931 1071 solum
953 1019 1110 1069 verba
1135 1027 1223 1068 aut
1242 1020 1474 1081 phrases,
1504 1017 1597 1067 sed

537 1106 595 1150 et
633 1113 716 1149 res
757 1096 935 1146 multe
973 1095 1057 1143 hic
1103 1100 1429 1153 enarrantur,
1471 1107 1601 1157 quas

537 1175 747 1226 easdem
778 1178 836 1222 et
874 1169 1010 1235 apud
1034 1169 1266 1218 Tacitum
1291 1170 1462 1231 legas.
1529 1168 1601 1217 Et

539 1248 720 1315 quidni
753 1247 820 1297 de
857 1245 1039 1295 iisdem
1075 1243 1227 1295 rebus
1268 1243 1460 1294 diversi
1482 1259 1602 1295 auc·

538 1330 680 1376 tores
718 1338 814 1373 suo
840 1321 992 1371 modo
1016 1319 1302 1370 disserant?
1349 1320 1473 1385 quid
1510 1320 1602 1369 mi-

539 1402 694 1452 rum?
731 1398 864 1450 Haec
887 1413 936 1448 v,
977 1413 1026 1462 g.
1065 1397 1274 1460 dialogi,
1315 1399 1331 1424 ⁸
1358 1396 1602 1446 Lucrosae

537 1476 692 1542 lugius
712 1481 767 1525 et
787 1473 1135 1537 sanguinantis
1158 1471 1465 1537 eloquentie
1484 1486 1604 1522 usus

538 1559 597 1603 et
617 1567 648 1602 e
670 1551 818 1600 malis
860 1548 1085 1599 moribus
1123 1548 1310 1598 natus-⁹
1377 1549 1447 1598 Et
1470 1547 1604 1607 baec,

539 1633 557 1659 ⁸
583 1629 720 1678 Nam
743 1625 958 1687 Crispus
981 1630 1037 1674 et
1065 1624 1351 1673 Marcellus
1369 1658 1383 1672 .
1407 1659 1421 1674 .
1441 1659 1455 1673 .
1478 1622 1603 1687 quid

538 1702 738 1754 babent
760 1702 811 1750 in
833 1700 929 1749 hac
962 1699 1206 1763 proesenti
1242 1697 1448 1748 fortuna
1485 1712 1605 1746 cou-

540 1775 944 1843 cupiscendum?
998 1789 1062 1825 an
1101 1773 1241 1838 quod
1285 1774 1490 1836 timent,
1536 1786 1603 1820 an

540 1854 677 1920 quod
719 1851 1000 1902 timentur?
1057 1849 1196 1914 quod
1242 1848 1440 1912 alligati
1486 1860 1604 1896 cum

542 1928 853 1989 adulatione,
873 1941 970 1975 nec
987 1923 1358 1987 imperantibus
1380 1937 1604 1988 unquam

541 2004 669 2053 satis
708 2000 848 2052 servi
881 2001 1140 2060 videntur,
1169 2013 1266 2049 nec
1305 1997 1452 2048 uobis
1476 1998 1604 2048 satis

539 2078 739 2128 liberi?
790 2076 964 2126 Etiam
999 2076 1132 2125 ista:
1183 2076 1198 2103 ‘
1223 2075 1340 2124 Nec
1374 2075 1602 2123 incertus

540 2151 703 2201 futuri
727 2157 1091 2200 testamentum
1126 2164 1219 2213 pro
1244 2149 1458 2212 pignore
1476 2149 1603 2197 scri·

541 2224 693 2275 bam:
742 2238 840 2273 nec
880 2224 994 2287 plus
1029 2223 1264 2286 habeam,
1286 2237 1436 2287 quam
1461 2223 1602 2287 quod

539 2299 752 2364 possim,
764 2297 846 2348 cui
870 2298 1021 2348 velim
1044 2297 1606 2362 relinquere‚‚qua.udo-

543 2388 748 2440 cunque
770 2372 945 2424 fatalis
978 2380 1033 2423 et
1066 2387 1210 2422 mens
1247 2373 1358 2422 dies
1394 2374 1604 2424 veniet?

540 2450 556 2478 ‘
579 2451 650 2499 Et
688 2464 902 2499 rursus:
954 2449 970 2476 ‘
994 2448 1118 2497 Illos
1157 2449 1282 2513 quin
1329 2449 1482 2498 immo
1527 2464 1607 2499 or·

543 2524 641 2575 bos
683 2532 740 2575 et
785 2523 1072 2588 locupletes
1117 2530 1175 2572 et
1235 2529 1477 2587 potentes
1522 2537 1608 2571 ve·

546 2601 661 2653 nire
684 2600 988 2664 plerumque
1026 2597 1090 2646 ad
1121 2598 1368 2660 juvenem
1403 2605 1457 2646 et
1485 2612 1610 2661 pau·

542 2688 745 2739 perem‚
765 2676 864 2723 διο.
914 2673 1032 2723 Jam
1056 2685 1181 2720 vero
1208 2671 1292 2735 qui
1312 2678 1604 2733 togatorum

542 2750 819 2798 comitatus
842 2754 900 2796 et
934 2760 1169 2810 egressus
1186 2745 1222 2794 ξ’
1273 2746 1402 2797 Quis
1442 2753 1604 2810 neget

539 2824 653 2873 lmc
676 2829 732 2873 et
751 2822 878 2871 talia
899 2822 1059 2871 multa
1094 2821 1189 2871 sub
1218 2822 1405 2885 stylum
1424 2820 1602 2870 Taciti

542 2901 729 2951 cadere
770 2898 1031 2964 potuisse?
1077 2896 1193 2961 quis
1231 2903 1386 2960 neget
1415 2898 1525 2946 baec
1546 2904 1604 2947 et

543 2974 732 3024 similia
753 2988 863 3025 esse
883 2972 1154 3023 materiam
1177 2971 1427 3022 Historiae
1453 2972 1601 3022 Rom.

544 3049 665 3114 quia
684 3053 805 3099 sunt
842 3055 988 3098 certe
1017 3048 1199 3097 eadem
1235 3046 1492 3097 bominum
1528 3046 1603 3094 in-

543 3125 695 3187 genia
712 3122 1003 3188 similesque
1036 3122 1264 3185 eiusdem
1297 3121 1393 3172 aevi
1418 3135 1604 3182 mores,

543 3197 656 3261 quia
677 3206 836 3261 neget
870 3198 985 3246 haec
1024 3209 1310 3260 congruere
1346 3197 1482 3258 stylo
1505 3196 1602 3246 his·

543 3272 692 3322 turici
716 3284 818 3320 non
852 3272 1033 3331 solum,
1056 3269 1149 3319 sed
1174 3276 1229 3319 et
1252 3272 1604 3335 cuiuscunque

543 3346 770 3395 auctoris
793 3352 848 3394 et
872 3344 1177 3408 scriptoris?
1211 3345 1354 3395 Quot
1377 3345 1463 3393 alii
1487 3359 1605 3394 auc·

545 3426 686 3469 tores
707 3418 981 3467 memorias
1004 3416 1264 3481 librosque
1281 3418 1605 3469 historiarum

544 3493 917 3557 composuere?
966 3498 1092 3557 quot
1129 3493 1415 3545 recitavere
1440 3495 1607 3557 palam

542 3568 703 3617 libros
724 3568 777 3616 in
799 3567 933 3617 omni
961 3582 1150 3632 genere
1173 3567 1484 3633 eloquentiae
1509 3570 1605 3618 hoc

543 3644 727 3694 eodem
771 3645 922 3693 oevo?
978 3645 1242 3707 Legantur
1284 3643 1604 3694 solummodo

541 3716 710 3768 literae
732 3718 888 3779 Plinii
915 3719 1154 3782 junioris,
1176 3729 1230 3769 et
1263 3727 1473 3771 aetatem
1501 3735 1604 3769 uon

543 3795 794 3857 sterilem,
815 3809 916 3845 non
954 3794 1177 3844 effictam
1210 3797 1603 3846 animadvertes.

545 3870 737 3940 Quidni
771 3877 827 3921 et
864 3872 960 3920 boc
1013 3872 1194 3922 eodem
1230 3872 1401 3922 libello
1442 3873 1603 3922 multa

543 3947 773 4011 reperias
795 3961 907 4011 quae
932 3947 1144 4010 perinde
1165 3948 1231 3996 ad
1251 3949 1518 4010 Senecam,
1534 3948 1600 3998 ad

545 4023 769 4073 Plinium
788 4033 1091 4090 utrumque3
1126 4030 1182 4074 et
1199 4024 1264 4074 ad
1280 4025 1603 4087 Suetonium,

544 4098 784 4162 Dionem,
801 4105 857 4149 et
869 4099 998 4149 alios
1013 4107 1247 4150 auctores
1267 4101 1562 4163 pertineant
1580 4102 1600 4150 ?

547 4172 689 4241 lage
709 4180 908 4224 attente
926 4188 1115 4238 paucas
1136 4174 1296 4227 lineas
1312 4174 1498 4240 dialogi
1516 4174 1601 4227 liic

1674 712 1955 778 appositas.
2020 712 2107 762 An
2142 716 2389 776 mentem,
2422 725 2493 763 an
2534 712 2747 777 mian

1672 790 1860 850 Taciti,
1880 804 1946 838 an
1984 787 2311 850 brevitatem,
2334 803 2402 838 an
2428 790 2746 854 gravitatem

1673 865 1835 929 ipsius
1852 865 1939 914 hic
1963 864 2245 928 agnosces?
2289 864 2391 913 Sed
2430 878 2489 913 se
2511 866 2653 929 ipse,
2671 865 2748 915 in·

1675 930 1891 1006 quiunt,⁸
1903 939 2235 989 dissimulavit
2272 939 2367 989 boc
2406 939 2606 1004 libello,
2642 949 2751 1006 sty-

1674 1017 1779 1065 lum
1805 1023 1859 1064 et
1893 1014 2099 1065 dicendi
2122 1029 2279 1076 genus
2313 1015 2673 1077 commutavit,
2693 1021 2747 1064 et

1676 1092 1838 1142 veluti
1860 1091 2063 1155 genium
2098 1097 2154 1140 et
2187 1089 2535 1152 eloquentiam
2579 1090 2757 1141 induit·

1679 1174 1960 1227 oratorum,
2005 1180 2130 1230 quos
2158 1165 2365 1229 juvenis
2400 1166 2655 1229 andierat,
2690 1173 2747 1216 et

1680 1261 1806 1311 quoa
1867 1244 2067 1295 inducit
2118 1244 2203 1293 hic
2259 1243 2609 1307 disputantes.
2676 1245 2746 1295 Et

1682 1329 1839 1386 prout
1873 1328 1952 1371 est
1991 1321 2225 1382 materia,
2257 1320 2489 1383 disserit,
2526 1321 2745 1371 inservit

1683 1402 1984 1460 argumento
2004 1412 2018 1456 ;
2053 1403 2109 1445 et
2123 1404 2276 1459 prout
2291 1403 2372 1443 est
2392 1410 2493 1457 res,
2513 1403 2742 1447 mentem

1684 1481 1739 1523 et
1762 1487 2044 1523 sermonem
2067 1471 2419 1522 accommodat
2436 1474 2552 1535 pari
2570 1471 2749 1524 (πω-

1685 1547 1772 1598 dia
1788 1556 1846 1599 et
1867 1547 2150 1597 industria:
2198 1548 2273 1597 ita
2307 1547 2358 1595 in
2379 1547 2571 1596 Annal.
2596 1549 2747 1599 stric-

1684 1622 1806 1684 tior,
1828 1623 2055 1686 pressior
2073 1628 2127 1676 et
2150 1622 2353 1686 gravior
2370 1629 2474 1684 est,
2496 1629 2554 1672 et
2578 1622 2745 1673 imna-

1685 1704 1771 1748 tur
1790 1699 1844 1747 id
1865 1698 2002 1764 quod
2026 1698 2232 1760 dialogo
2269 1696 2509 1759 habetur,
2529 1704 2546 1726 ⁸
2570 1713 2743 1750 sensns

1684 1772 1855 1835 tarda,
1886 1780 1941 1821 et
1984 1772 2139 1822 inerti
2174 1778 2436 1822 structura
2473 1772 2527 1821 in
2552 1787 2745 1822 morem

1684 1844 1960 1897 Annalium
1983 1853 2354 1910 componantur
2373 1846 2407 1904 ;'
2441 1847 2494 1895 in
2518 1846 2742 1897 historiis

1684 1937 1806 1973 vero
1843 1921 2136 1973 affluentior
2168 1929 2225 1972 et
2263 1921 2533 1972 facundior
2579 1938 2743 1973 sermo

1682 2003 1781 2049 est.
1846 1998 2056 2047 Pariter
2089 1996 2250 2060 igitur
2281 2003 2336 2047 et
2368 1997 2529 2047 hocce
2553 1997 2749 2060 libello,

1684 2087 1801 2123 cum
1838 2071 1905 2121 de
1947 2073 2251 2136 eloquentie
2288 2072 2441 2122 laude
2477 2079 2534 2122 et
2570 2074 2743 2124 saculi

1682 2149 1847 2213 gloria
1883 2156 2145 2212 ageretur,
2186 2162 2292 2197 rens
2330 2149 2461 2196 tanti
2498 2150 2743 2203 momenti

1669 2224 1781 2288 jam
1817 2239 1919 2273 non
1955 2224 2058 2273 suis
2093 2221 2265 2273 verbis
2306 2223 2412 2285 ille,
2450 2223 2545 2272 sed
2580 2223 2743 2273 iisdem

1680 2300 1890 2349 ιιιιηιιήο
1926 2305 1981 2349 et
2014 2297 2279 2347 rationibus
2306 2305 2582 2362 oratorum,
2620 2314 2745 2363 quoa

1683 2373 1919 2424 audierat
1962 2374 2190 2438 juvenis,
2246 2374 2537 2436 exequitur.
2607 2374 2743 2425 Hinc

1687 2456 1831 2501 totus
1853 2451 1985 2500 alius
2020 2464 2051 2499 a
2082 2465 2140 2498 se
2158 2450 2271 2513 ipso
2295 2449 2500 2497 videtur
2521 2448 2623 2499 hoc
2643 2450 2753 2499 dia·¹

1687 2525 1805 2589 logo
1824 2542 1840 2585 ;
1873 2526 1992 2589 quia
2014 2525 2124 2575 scil.
2147 2526 2285 2575 velut
2302 2525 2549 2590 ascititia,
2570 2525 2745 2576 induc-

1687 2608 1759 2662 ta,
1781 2609 1837 2650 et
1859 2602 2001 2666 quasi
2022 2601 2189 2663 aliena
2221 2602 2516 2665 eloquentia
2553 2602 2741 2652 utitur:

1686 2676 1758 2727 ita
1779 2683 1836 2726 ut
1857 2677 1943 2725 hic
1966 2677 2179 2726 formam
2205 2677 2359 2725 animi
2391 2677 2468 2725 sui
2489 2685 2546 2727 et
2570 2677 2744 2741 ingenii

1683 2764 1785 2801 nou
1808 2750 2056 2802 redderet
2097 2751 2328 2813 Tacitus,
2352 2751 2442 2800 sed
2483 2758 2744 2801 oratorum

1683 2826 2211 2890 eloquentissimorum
2248 2825 2545 2875 facundiam
2580 2827 2746 2891 expri-

1681 2907 1866 2961 meret,
1889 2899 2128 2963 referret,
2148 2900 2490 2963 exscriberet,
2510 2903 2529 2929 ‘
2544 2909 2745 2953 servato

1681 2990 1887 3041 quoque
1909 2977 2112 3041 [etiam]
2144 2975 2323 3026 ordine
2347 2977 2745 3042 disputationis:

1680 3052 1779 3115 [ita
1802 3058 1860 3101 ut
1875 3051 2013 3114 jam]
2050 3066 2150 3100 non
2183 3052 2409 3115 ingenio,
2431 3053 2521 3103 sed
2551 3060 2745 3104 tantum

1682 3127 1923 3176 memoria
1942 3142 2003 3176 ac
2035 3127 2387 3177 recordatione
2408 3144 2541 3192 opus
2571 3129 2747 3192 senet,

1683 3208 1743 3250 nt
1764 3202 1875 3250 scil.
1907 3203 2112 3266 quae]·a
2153 3204 2592 3266 praestantissimis
2626 3204 2746 3253 viris

1684 3282 1740 3324 et
1762 3277 2051 3339 excogitata
2072 3277 2333 3327 subtiliter
2365 3285 2422 3328 et
2455 3279 2600 3329 dicta
2634 3295 2746 3344 gra·

1685 3350 1842 3410 viter,
1866 3350 2177 3414 acceperat,’
2201 3354 2522 3403 enuntiaret.
2586 3355 2655 3404 Et
2673 3353 2745 3404 fe·

1687 3427 1761 3474 cit
1782 3426 1865 3474 hic
1886 3426 2096 3476 Tacitus
2117 3427 2169 3476 id
2193 3428 2381 3492 ipsum,
2396 3430 2533 3493 quod
2551 3429 2744 3495 deacri-

1687 3500 1827 3550 bitur
1869 3500 2003 3550 infra
2045 3503 2206 3552 hocce
2251 3504 2457 3567 dialogo
2496 3520 2619 3571 cap.
2664 3511 2746 3555 14.

1685 3578 1700 3604 ⁴
1725 3576 2052 3626 Delectasset
2084 3578 2219 3627 enim
2245 3586 2296 3629 te
2335 3589 2391 3629 et
2426 3579 2558 3645 Apri
2581 3582 2746 3632 nostri

1684 3651 2095 3701 accuratissimus
2133 3666 2318 3715 sermo,
2373 3669 2488 3704 cum
2546 3656 2744 3707 Mater·

1682 3739 1822 3786 num,
1846 3732 1902 3774 ut
1940 3739 2089 3774 omne
2127 3726 2390 3790 ingenium
2427 3743 2487 3778 ac
2518 3730 2745 3781 studium

1682 3813 1828 3849 suum
1854 3800 1916 3849 ad
1942 3815 2121 3849 causas
2153 3803 2375 3863 agendas
2397 3812 2749 3869 converteret,

1684 3876 1988 3925 exhortatus
2022 3884 2102 3925 est
2123 3892 2137 3925 ε
2184 3884 2240 3926 et
2263 3876 2487 3927 Materni
2513 3894 2610 3942 pro
2633 3894 2743 3929 car-

1682 3950 1904 3998 ruinibus
1942 3950 2046 3998 suis
2082 3951 2221 4011 laeta,
2259 3959 2422 4015 utque
2447 3955 2633 4017 poetas
2655 3954 2745 4005 de·

1681 4024 1825 4074 feudi
1864 4024 2104 4087 decebat,
2137 4025 2428 4090 audentior,
2450 4028 2744 4092 poetarum,

1681 4115 1833 4165 quam
1864 4109 2120 4151 oratorum
2151 4102 2364 4151 similior
2400 4104 2604 4154 oratio!
2668 4106 2747 4157 Si-

1676 4174 1869 4226 militer
1902 4182 1959 4225 et
1990 4174 2074 4226 bic
2107 4174 2342 4241 Tacitus,
2371 4178 2525 4245 qnasi
2546 4193 2605 4230 se
2628 4179 2747 4247 ipsu
