3000 4859
516 379 692 449 3678

513 546 635 622 est,
667 542 1178 624 suspicatusque
1204 558 1291 606 ex
1323 542 1473 624 ipsa
1502 541 1882 607 intentione·
1927 541 2356 625 singulorum,
2389 540 2715 608 altiorem*

513 645 685 711 inter
712 663 829 707 eos
858 663 1002 707 esse
1030 661 1423 706 sermonem:
1471 642 1655 707 Num
1700 663 1935 726 parum
1978 646 2443 726 tempestivus,
2475 647 2712 728 inquit,

515 746 850 821 interveni,
881 750 1209 808 secretum
1249 743 1597 809 consilium
1644 750 1710 808 et
1752 763 1979 810 causae
2025 746 2302 830 alicujus
2342 746 2719 812 meditatim·

512 866 659 912 nem
692 847 1167 911 tractantibus?

602 948 904 1027 Minime,
959 947 1251 1023 minime,
1304 947 1521 1030 inquit
1572 947 1951 1026 Secundus,
1999 956 2201 1032 atque
2243 948 2412 1014 adeo
2474 949 2712 1016 vellem

514 1052 865 1116 maturius·
891 1049 1392 1113 intervenisses:
1438 1046 1833 1114 delectasset
1868 1051 2037 1115 enim
2084 1058 2152 1115 te
2191 1063 2258 1115 et
2284 1049 2455 1134 Apri
2498 1051 2709 1117 nostri

511 1150 1052 1217 accuratissimus
1099 1167 1340 1225 sermo,
1372 1167 1525 1212 cum
1575 1149 1972 1228 Maternum,
2012 1158 2087 1216 ut
2134 1170 2325 1216 omne
2373 1153 2711 1234 ingenium

514 1273 596 1319 ac
624 1253 905 1319 studium
934 1270 1126 1315 suum
1154 1250 1240 1314 ad
1271 1270 1511 1316 causas
1541 1253 1831 1336 agendas
1867 1260 2289 1331 converteret,
2320 1255 2712 1319 exhortatus

513 1361 640 1433 est,
668 1360 735 1418 et
765 1352 1047 1417 Materni
1075 1371 1196 1436 pro
1225 1355 1627 1419 carminibus
1671 1356 1814 1420 suis
1854 1355 2063 1433 laeta:
2086 1362 2292 1438 utque
2325 1355 2566 1439 poetas
2594 1355 2711 1420 de-

511 1455 696 1520 fendi
725 1456 1020 1535 decebat,
1046 1455 1440 1534 audentior}
1475 1462 1543 1522 et
1568 1456 1916 1541 poetarum
1946 1477 2145 1541 quam
2171 1463 2499 1523 oratorum
2526 1459 2711 1524 simi·

511 1556 657 1636 lior,
688 1558 928 1623 oratio.

601 1658 719 1723 Me
744 1678 925 1737 vero,
954 1660 1215 1743 inquit!
1241 1666 1310 1726 et
1351 1680 1568 1726 sermo
1612 1662 1758 1746 ipse
1799 1661 2052 1726 infinita
2078 1662 2413 1746 voluptate
2443 1659 2708 1727 affecis-

514 1766 635 1839 set,
666 1766 859 1847 atque
884 1759 956 1825 id
983 1761 1204 1846 ipsum
1232 1762 1537 1843 delectat,
1569 1764 1749 1850 quod
1778 1784 1922 1843 vos,
1950 1764 2078 1829 viri
2105 1765 2335 1849 optimi
2361 1770 2428 1830 et
2453 1770 2707 1849 tempo-

1303 388 1403 447 ΒΕ
1447 394 1931 447 onA'romnus
1952 404 1957 409 “

994 1953 1542 2030 {monentes-e.
1796 1952 2222 2030 ’Prtaaeie'isa

830 2017 1598 2084 ‘montanam-uas.
1927 2017 2399 2081 'lumniensis-

505 2257 732 2309 Brotier.
797 2258 1087 2310 Gronovius
1107 2259 1268 2312 habet
1291 2259 1570 2325 Vipsanius.-
1601 2259 1873 2310 Bmtierus
1904 2260 2292 2325 manaim—8
2325 2259 2471 2311 Male
2490 2261 2543 2311 in
2571 2266 2708 2312 vete-

509 2323 648 2373 ribus
665 2322 992 2389 editionibus,
1005 2325 1248 2376 admer-
1313 2324 1379 2377 In
1401 2323 1702 2376 recentibus
1724 2330 1899 2379 autem
1929 2340 2200 2392 perperam
2221 2325 2409 2377 omissa
2427 2326 2619 2390 copula
2638 2330 2707 2391 d,

1491 2513 1706 2566 NOTAE

507 2638 776 2705 quosdm,
797 2642 884 2707 qui
904 2640 1093 2693 famam
1131 2649 1190 2693 et
1224 2656 1453 2697 rumores
1476 2657 1565 2693 au-

506 2717 592 2779 loe,
614 2723 669 2767 et
684 2717 1088 2782 imperitantium
1117 2734 1269 2770 sensa
1289 2720 1565 2770 subodora-

506 2798 687 2840 rentnr
723 2807 784 2841 ac
823 2794 1198 2846 renuntiarent.
1263 2795 1399 2845 Nam
1437 2795 1563 2861 quid

507 2872 618 2917 tum
661 2876 871 2918 senatus
921 2868 1017 2920 sub
1064 2871 1278 2921 Nerone
1319 2876 1375 2921 et
1416 2870 1563 2921 malis

505 2942 839 3008 principibus,
858 2945 952 2994 nisi
986 2946 1284 3009 ludibrium,
1306 2946 1404 2997 nisi
1426 2962 1561 2997 vana

473 3017 675 3092 ‘imago
698 3020 856 3083 prisci
892 3012 1135 3071 senatus'?
1168 3023 1318 3086 cujus
1352 3022 1558 3072 nomine

503 3100 561 3145 et
581 3102 841 3159 protextu
856 3097 1172 3148 illudebatur
1187 3098 1412 3162 iegibus,
1429 3094 1557 3163 ipsis

502 3171 756 3234 patribus,
775 3172 910 3231 urbi,
945 3173 1061 3223 orbi
1081 3180 1138 3222 et
1169 3175 1350 3237 generi
1382 3175 1558 3224 hnma-

501 3246 601 3295 no?
648 3246 704 3295 Si
727 3247 853 3312 quid
877 3256 1025 3298 recte
1042 3248 1316 3312 aliquando
1339 3254 1558 3312 agerent

502 3321 846 3385 dominantes,
880 3323 1018 3372 uitro
1060 3324 1162 3386 ipsi
1207 3322 1434 3385 agebant
1471 3337 1561 3373 ne-

500 3396 640 3446 mine
662 3397 911 3458 consulto‚
933 3395 1026 3446 sed
1060 3411 1266 3460 semper
1287 3412 1404 3448 cum
1429 3412 1561 3463 prm·

500 3477 652 3522 textu
673 3479 883 3521 senatus
903 3472 1218 3523 occidebant
1233 3473 1330 3536 iili,
1345 3481 1401 3524 et
1418 3489 1559 3540 gras-

499 3547 767 3598 sabantur:
802 3549 946 3615 quasi
989 3550 1062 3599 sic
1105 3550 1350 3600 invidiam
1391 3551 1557 3615 publi·

500 3636 612 3673 cam
649 3624 702 3673 in
742 3631 978 3673 senatum
1015 3626 1277 3689 rejecturi,
1297 3633 1352 3677 et
1373 3634 1435 3677 ut
1455 3628 1557 3678 eri-

498 3713 619 3749 men
662 3713 695 3748 a
737 3713 794 3749 se
838 3702 1195 3763 amolirentur,
1238 3708 1330 3752 ant
1373 3703 1554 3753 saltem

498 3776 813 3835 dividerent,
838 3784 893 3826 et
916 3777 992 3826 sic
1016 3779 1294 3830 elevarent.

563 3855 668 3905 Nee
699 3853 928 3916 onasum]
996 3855 1286 3905 Potuerunt
1315 3856 1406 3907 tali
1429 3871 1552 3907 casu

495 3931 692 3981 consuli
713 3932 885 3993 amici,
906 3938 1167 3994 parentes,
1181 3941 1236 3980 et
1259 3933 1553 3999 propinqui,

493 4007 583 4072 qui
616 4010 942 4070 potentiores
974 4016 1149 4058 essent
1189 4024 1269 4072 ap»
1293 4010 1327 4058 d
1368 4010 1554 4074 princi-

493 4096 634 4148 pem,
652 4089 703 4132 et
741 4087 922 4134 melius
961 4094 1171 4136 nossent
1208 4086 1318 4149 ejus
1357 4087 1550 4149 eogita-

493 4158 680 4210 tiones.
745 4161 831 4210 Sic
870 4169 926 4211 et
962 4170 1242 4223 potuerunt
1270 4162 1466 4211 consuli
1487 4161 1550 4210 ii·

491 4232 634 4283 herti
672 4237 1081 4298 prevalidissimi
1112 4232 1182 4288 et*
1200 4237 1435 4301 magistri
1459 4239 1551 4287 ‹lo-

492 4308 805 4376 minationis,
845 4318 902 4363 et
941 4313 1127 4377 ceteri,
1163 4312 1253 4380 qni
1290 4312 1344 4363 in
1378 4313 1549 4378 gratia
1592 4318 1603 4329 '

1645 2642 1905 2708 flagranti,
1944 2648 2003 2693 et
2045 2647 2329 2706 potuerunt
2364 2640 2568 2705 rogari:
2611 2638 2704 2691 sed

1644 2719 1908 2783 praeeipue
1929 2726 2048 2783 post
2069 2718 2321 2782 predicta
2354 2718 2594 2768 consulta
2612 2731 2703 2782 po-

1644 2796 1746 2845 tnit
1768 2796 1939 2861 rogari
1960 2794 2219 2859 princeps,
2247 2795 2398 2858 cujas
2432 2793 2511 2842 rei
2545 2807 2703 2843 cansa

1643 2871 1979 2921 mittebantur
2000 2870 2251 2935 epistolar,
2270 2872 2430 2919 etiam
2453 2869 2699 2932 presenti

1644 2946 1699 2997 in
1717 2946 1845 2998 urbe
1859 2946 2088 3006 Cesar-h
2111 2960 2323 3011 quarum
2340 2944 2539 2996 mentio
2558 2958 2701 3011 sepe

1644 3023 1782 3087 apud
1804 3023 2062 3073 Tacitum·

1705 3104 1734 3141 ε
1768 3098 1888 3146 cura
1930 3095 2209 3160 Vipstanus]
2290 3095 2475 3145 Frater
2514 3094 2700 3158 Reguli

1643 3173 1710 3223 de
1752 3187 1852 3238 quo
1893 3173 2108 3222 Tseitus
2152 3172 2296 3222 Hist.
2338 3185 2428 3221 ιιι.
2458 3171 2699 3234 ‘laesioni

1642 3251 1881 3301 tribunus
1896 3250 2180 3313 Vipstanus
2203 3250 2433 3299 Messala
2470 3255 2699 3314 praerat

1639 3326 1792 3376 claris
1812 3325 2108 3390 maioribus,
2122 3325 2363 3389 egregius
2384 3326 2516 3389 ipse,
2532 3332 2589 3375 et
2609 3324 2697 3390 qai

1636 3402 1777 3451 solus
1814 3400 1879 3450 ad
1902 3401 1955 3450 id
1977 3401 2167 3450 bellum
2208 3403 2365 3451 bonas
2398 3409 2541 3451 artes
2558 3407 2696 3451 attu-

1634 3475 1812 3526 lisset!
1874 3477 1945 3527 Et
1967 3491 2043 3526 tv.
2077 3478 2093 3505 ‘
2113 3477 2359 3538 Magnam
2388 3490 2455 3525 eo
2477 3475 2565 3526 die
2587 3476 2700 3541 pie-

1636 3551 1760 3601 tatis
1781 3553 2190 3616 eloquentioeque
2208 3551 2396 3601 famam
2410 3553 2697 3616 Vipstanus

1634 3627 1864 3677 Messala
1886 3628 2106 3691 adeptus
2138 3634 2255 3689 est3
2289 3628 2515 3677 nondum
2550 3641 2701 3677 sena-

1635 3702 1768 3752 toria
1787 3710 1967 3766 aetate,
1999 3717 2152 3754 ansus
2192 3717 2289 3767 pro
2308 3703 2475 3754 fratre
2494 3704 2696 3768 Regulo

1635 3778 1939 3843 deprecari)

1696 3853 1721 3889 ¹·
1752 3855 2010 3921 Attiou-est]
2076 3856 2294 3907 Altioris
2337 3856 2452 3907 seii.
2495 3871 2696 3919 sensns,

1634 3938 1692 3981 et
1744 3934 1832 3996 qui
1882 3931 2265 3996 profundiorem
2319 3933 2693 3997 cogitationem

1632 4007 2121 4073 meditationemque
2178 4010 2505 4072 postularet:
2574 4023 2693 4059 nan

1630 4085 1807 4134 statim
1850 4084 2030 4147 addit3
2082 4085 2099 4113 ‘
2116 4092 2375 4135 secretum
2416 4085 2693 4136 eonsilium

1629 4165 1685 4210 et
1712 4175 1881 4210 cause
1902 4161 2122 4227 aiicujus
2142 4161 2530 4213 meditationem
2553 4167 2693 4215 trao-

1612 4236 1897 4302 ‚ta-tibus?
