3000 4859
531 373 708 442 ³734

535 536 972 601 metantium·
997 536 1065 601 in
1091 536 1375 614 rosa-is:
1399 537 1552 602 hinc
1594 539 2055 605 accusationes
2080 540 2449 622 potentium
2470 559 2737 608 reatum

531 643 601 702 et
629 638 989 716 assignatae
1019 638 1215 701 etiam
1251 639 1566 703 domibus
1607 640 1999 718 inimicitias,
2029 642 2179 706 binc
2208 662 2559 726 procerum
2584 644 2734 712 fao-

529 738 743 804 tiones
772 745 838 802 et
861 737 1134 803 assidua
1162 739 1446 804 Senatus
1475 739 1799 806 adversus
1826 743 2090 824 plebun
2114 746 2517 810 certamina:
2570 767 2731 828 quo

530 839 790 922 singula
837 841 965 905 etsi
1015 840 1463 908 distrahebant
1514 842 2067 927 Rempnblicam,·
2088 847 2487 912 exercebant
2512 853 2729 914 tam

528 941 792 1006 illorum
841 949 1208 1027 temporum
1245 944 1691 1028 eloquentiam
1740 952 1809 1010 et
1849 948 2163 1029 magnis¹¹
2190 949 2527 1013 cumulare
2553 969 2733 1034 prav-

528 1043 683 1107 miis
715 1043 1139 1109 videbantur:
1207 1045 1369 1129 quia
1417 1055 1665 1130 quanto
1712 1048 1997 1132 quisque
2029 1049 2180 1132 plns
2230 1048 2511 1116 dicendo
2540 1056 2733 1134 pote·

526 1151 653 1224 rat,
681 1151 862 1210 tanto
907 1146 1176 1211 facilins
1203 1148 1488 1214 bonores
1520 1151 2018 1233 assequebatur,
2048 1157 2233 1217 tanto
2260 1153 2495 1234 magis,
2523 1154 2591 1218 in
2618 1154 2727 1237 ip-

529 1247 627 1313 sis
654 1247 1042 1327 honoribus,
1072 1250 1366 1332 collegas
1385 1270 1548 1316 suos
1578 1252 1930 1331 anteibat?
1956 1257 2135 1317 ianm
2158 1253 2310 1336 pins
2336 1253 2517 1338 apud
2546 1255 2731 1338 prin·

1265 387 1272 394 ’
1335 392 1434 441 DE
1477 393 1962 444 (mavolunt

1448 1433 1535 1452 000
1541 1432 1803 1452 ‘nocete‘

527 1553 662 1606 bene
684 1554 903 1620 Lipsius.
948 1554 1011 1605 In
1037 1561 1167 1606 vett.
1192 1554 1311 1606 edd.
1333 1553 1664 1617 migr-atius.
1716 1554 2013 1612 Idem—ll
2044 1555 2134 1607 Sic
2154 1555 2379 1621 Lipsius.
2432 1556 2591 1612 Prius
2610 1566 2728 1610 erat

1518 1700 1739 1753 NOTAE

588 1823 609 1847 ⁸
642 1815 787 1864 Poene
815 1815 1209 1879 madentium]
1241 1814 1436 1866 Eadem
1459 1814 1589 1879 figu-

522 1905 583 1942 ra
601 1890 817 1941 moderni
836 1892 1052 1939 adonem
1090 1890 1332 1941 dicuntur
1348 1905 1380 1940 a
1401 1891 1589 1942 Petro-

522 1969 610 2018 nio
644 1975 700 2019 et
738 1969 934 2017 Seneca
972 1969 1023 2016 in
1059 1967 1193 2017 libro
1225 1968 1293 2018 de
1330 1968 1589 2019 brevitate

526 2045 686 2098 vitae:
722 2046 738 2073 ‘
760 2044 902 2095 Quos
923 2060 953 2094 a
971 2042 1216 2105 basilica,'
1246 2046 1434 2109 inquit,
1463 2046 1589 2095 ‘im-

520 2121 666 2169 missi
709 2120 916 2169 demum
960 2134 1115 2170 canes
1158 2120 1414 2184 ejiciunt!

523 2196 692 2246 them.

588 2275 604 2305 ⁸
637 2272 847 2336 Rostris]
901 2272 1108 2335 Rostra,
1127 2279 1395 2335 suggestus
1416 2279 1534 2323 erat
1553 2286 1584 2323 e

519 2350 701 2400 rostris
735 2350 939 2398 navium
978 2348 1286 2411 Antiatium,
1308 2356 1461 2400 erant
1492 2348 1587 2400 du·

518 2425 697 2489 plicia,
715 2431 893 2476 vetera
912 2430 966 2475 et
982 2438 1126 2474 nova.
1184 2423 1356 2476 Vetera
1372 2423 1585 2475 fuerunt

517 2509 643 2552 ante
684 2501 891 2551 Curiam
939 2500 1216 2550 Hostiliam
1255 2501 1308 2549 in
1330 2499 1444 2550 foro
1481 2502 1584 2551 Ro·

514 2592 688 2642 mano,
729 2585 786 2628 et
822 2578 875 2628 in
919 2577 1124 2628 Octava
1167 2578 1376 2640 regione
1399 2578 1581 2628 Romus

517 2654 761 2718 antiquae.
829 2653 968 2702 Nova
1012 2652 1077 2703 ad
1124 2652 1315 2703 Palatii
1357 2653 1580 2704 radices.

517 2729 841 2780 Ferebantur
883 2736 1056 2779 antem
1091 2729 1145 2778 in
1188 2728 1367 2778 rostris
1409 2729 1578 2794 leges,

513 2804 791 2856 conciones
805 2804 1141 2868 habebantur,
1162 2809 1261 2856 ὅτε.
1331 2805 1580 2856 mlestus.

575 2887 605 2916 “
634 2881 888 2945 Anteibat]
919 2882 1044 2932 Scil.
1067 2891 1158 2934 aut
1180 2884 1298 2948 quia
1317 2883 1372 2933 hi
1394 2884 1579 2933 diserti

513 2956 738 3021 majores
793 2958 1192 3023 superioresque
1244 2959 1577 3022 magistratus

514 3033 831 3096 obtinerent,
854 3041 946 3083 ant
968 3035 1217 3083 maturius
1256 3041 1312 3085 et
1343 3036 1581 3098 juniores

512 3111 846 3176 eligerentur,
868 3118 957 3161 aut
981 3118 1125 3162 certe
1150 3112 1268 3177 qnia
1299 3113 1353 3162 in
1393 3112 1576 3163 iisdem

509 3186 807 3250 bonoribus,
858 3186 1108 3237 aedilitate
1145 3202 1196 3235 v.
1243 3204 1294 3252 g.
1332 3196 1582 3255 praetura,

510 3269 604 3313 aut
638 3264 903 3313 consulatu
940 3263 1137 3326 priores
1169 3264 1578 3330 designarentur,

510 3343 570 3386 et
607 3338 771 3401 major
804 3339 964 3387 bonos
1002 3337 1104 3387 fuit
1136 3339 1212 3388 sic
1232 3339 1369 3403 eligi.
1436 3340 1573 3391 Nam

507 3412 598 3476 qui
639 3412 833 3477 primns
878 3413 1055 3461 consul
1095 3412 1394 3477 designatus
1436 3417 1573 3478 era’t,

506 3485 598 3537 ille
637 3489 814 3551 'primo
851 3502 1028 3538 mense
1064 3487 1230 3539 fasces
1269 3495 1324 3539 et
1362 3490 1573 3542 lictores

507 3564 709 3627 babuit,
747 3572 802 3615 et
845 3566 1007 3629 major
1038 3566 1218 3615 consul
1256 3566 1571 3630 vocabatnr3

506 3646 565 3688 et
588 3642 734 3703 quasi
773 3640 1018 3704 repulsae,
1063 3642 1208 3707 quasi
1243 3644 1569 3694 contumelia

503 3715 670 3765 instar
691 3714 792 3768 fuit
813 3716 992 3765 ultimo
1010 3719 1123 3767 loco
1145 3718 1424 3783 designari,
1438 3735 1569 3783 prae-

507 3792 690 3846 sertim
713 3793 764 3841 in
785 3793 845 3842 iis
865 3792 1227 3858 dignitatibus,
1248 3810 1360 3858 quae
1382 3797 1569 3845 multos

502 3868 833 3933 magistratus
861 3875 1118 3932 potestate
1141 3883 1293 3932 pares
1328 3870 1570 3933 habuere,

505 3945 685 4012 quales
726 3946 935 3996 fuerunt
969 3946 1161 3996 tribuni
1184 3947 1323 4012 pleb.
1345 3956 1401 3997 et
1446 3948 1568 3996 tedi-

501 4022 598 4071 les.
631 4022 843 4071 Sueton.
887 4022 1044 4084 vesp.
1087 4026 1137 4070 2.
1170 4022 1485 4071 ‘AEdllitatis
1508 4038 1568 4072 ac

503 4105 627 4146 mox
648 4105 892 4162 praeturae
928 4098 1250 4161 candidatus,
1287 4100 1441 4148 etiam
1464 4113 1565 4148 non

495 4182 526 4218 a
549 4184 618 4221 ne
637 4174 862 4238 repulsa,
882 4181 1132 4240 sextoque
1152 4176 1267 4225 loco
1287 4177 1374 4226 vix
1403 4175 1561 4240 adep-

1498 2121 1590 2170 Pi-

1670 1816 1737 1866 rit
1760 1807 1948 1882 prioris
1990 1816 2179 1866 electio
2221 1815 2445 1866 consulis
2477 1814 2729 1867 describit

1666 1892 1931 1956 eleganter
1965 1891 2302 1942 Aesoni-isin
2338 1891 2618 1954 gratiarum
2638 1905 2729 1943 ac-

1668 1968 1809 2018 tione
1850 1982 1945 2032 pro
1998 1968 2269 2018 consulatu
2313 1967 2380 2017 ad
2424 1969 2725 2020 Gratiarum

1668 2041 2027 2108 imperatorem
2050 2060 2064 2092 ε
2098 2045 2114 2073 ‘
2136 2045 2268 2093 Cum
2293 2044 2436 2107 prior
2462 2045 2728 2094 renuntia·

1665 2127 1748 2170 tus
1771 2120 1885 2180 sim,
1917 2120 2041 2170 satis
2063 2125 2146 2169 est
2190 2126 2335 2170 tuum
2367 2126 2546 2169 tenere
2581 2119 2728 2184 judi·

1664 2196 1819 2246 cium.
1883 2196 2209 2260 Interpretes
2222 2197 2393 2246 valete
2406 2197 2728 2248 meritorum.

1664 2270 1850 2335 Neque
1883 2279 2055 2320 antem
2093 2286 2207 2334 ego,
2244 2272 2592 2321 sacratissime
2632 2273 2727 2321 im-

1660 2353 1891 2409 perator,
1928 2345 1980 2395 in
2026 2347 2167 2397 tenui
2214 2345 2464 2396 beneficio
2503 2347 2727 2410 gradum

1658 2422 2058 2485 nuncupationis
2091 2423 2397 2487 amplector.
2464 2423 2605 2472 Num
2642 2431 2729 2475 est

1658 2497 1771 2549 baec
1795 2499 1959 2564 gloria
1997 2499 2175 2563 ignota
2212 2497 2494 2549 Ciceroni?
2520 2498 2729 2550 Praeto-

1660 2589 1772 2624 rem
1804 2589 1906 2640 me,
1942 2575 2127 2641 iuquit,
2174 2574 2393 2639 populns
2429 2573 2584 2624 Rom.
2621 2575 2728 2638 pri-

1656 2663 1796 2700 mum
1830 2649 1977 2713 fecit,
2017 2650 2277 2701 consulem
2312 2651 2556 2714 priorem.
2643 2651 2728 2700 Ex

1655 2727 1769 2791 ipsa
1787 2727 1900 2791 ejus
1933 2727 2196 2777 sententia
2222 2726 2551 2791 intelligitur,
2586 2742 2736 2777 com-

1653 2803 1997 2853 mendabilius
2018 2803 2064 2852 ei
2107 2801 2274 2853 videri
2304 2804 2414 2865 uni,
2436 2816 2587 2866 quam
2612 2803 2727 2867 pln-

1654 2880 1819 2943 ribus,
1840 2895 1953 2930 esse
1977 2879 2332 2944 prepositum.
2400 2878 2560 2928 Nulla
2581 2878 2722 2927 enim

1654 2964 1738 3007 est
1778 2955 1984 3022 quidem
2017 2956 2328 3006 contumelia
2357 2955 2590 3017 secundi,
2626 2954 2722 3005 sed

1655 3046 1723 3081 ex
1777 3032 1979 3083 duobus
2033 3032 2197 3095 gloria
2250 3046 2437 3095 magns
2490 3033 2722 3096 praelati.

1654 3107 1942 3158 Alexandri
1960 3107 2260 3158 Macedonis
2278 3109 2373 3157 boc
2392 3107 2580 3171 fertur,
2599 3121 2721 3159 cnm

1656 3186 1868 3249 legisset
1889 3186 2003 3235 illos
2035 3185 2338 3235 Homericos
2374 3200 2570 3249 versus,
2607 3188 2722 3252 qni-

1656 3260 1769 3325 bns,
1811 3260 2044 3310 Hectore
2090 3269 2426 3325 provocante,
2462 3277 2492 3310 e
2533 3273 2719 3312 novem

1654 3334 1889 3398 ducibus,
1907 3315 2017 3402 qul
2049 3352 2225 3387 omnes
2268 3352 2497 3402 pugnare
2540 3339 2721 3402 cupie-

1652 3405 1796 3477 bant,
1832 3429 1984 3464 unum
2007 3414 2165 3480 deligi
2188 3416 2496 3480 placeret..
2502 3416 2719 3467 ‚Occi-

1652 3490 1848 3553 derem,
1882 3491 2064 3556 inquit,
2099 3491 2241 3541 illurn
2286 3492 2373 3556 qui
2395 3506 2477 3542 me
2500 3493 2720 3543 tertium

1649 3566 1975 3616 nominasset.
2039 3566 2090 3615 Ο
2112 3567 2588 3629 magnanimitatem
2611 3567 2720 3618 for·

1652 3639 1835 3692 tissimi
1870 3641 1985 3692 viri.
2052 3640 2323 3691 Nominari
2366 3641 2504 3691 inter
2524 3655 2714 3693 novem

1648 3716 1835 3765 tertius
1856 3716 2151 3778 recusabat,
2185 3716 2273 3765 nbi
2312 3724 2459 3766 certe
2481 3715 2719 3782 pluribus

1650 3793 2004 3847 antecelleret.
2025 3807 2175 3859 quam
2198 3794 2448 3844 subesset.
2502 3797 2718 3848 Quanta

1647 3869 1734 3918 bic
1771 3871 2083 3920 verecundia
2116 3879 2421 3934 gravaretur
2454 3874 2719 3937 posterior

1649 3946 1715 3997 de
1737 3945 1968 3998 duobus!
2007 3949 2103 3998 Est
2124 3950 2257 3998 enim
2293 3950 2343 4000 in
2366 3950 2463 4000 boc
2499 3965 2716 4001 numero

1646 4026 1817 4074 arduae
1843 4026 1994 4088 plena
2018 4025 2332 4090 dignationis
2362 4027 2571 4089 electio,
2593 4043 2715 4078 cum

1647 4099 1908 4152 universis’
1941 4103 2245 4154 mortalibus
2301 4102 2404 4153 dno
2450 4105 2537 4169 qni
2577 4104 2714 4156 flant

1644 4180 1897 4240 consules,
1951 4177 2313 4242 praeferuntur.
2399 4181 2504 4234 Qui
2558 4183 2714 4232 alteri

505 4250 591 4295 tus
619 4246 738 4298 est?
802 4250 1015 4302 Quanta
1051 4250 1219 4315 gloria
1256 4251 1561 4317 praeeunt.-
1636 4254 1979 4319 praeponitur,
1998 4253 2332 4323 nonuni,sed
2365 4255 2602 4324 omnibus
2624 4272 2717 4308 an-
