3000 4859
493 383 670 454 37oe

1280 399 1380 448 ΒΕ
1426 399 1906 451 oRaTothJs

1481 637 1700 690 NOTAE

483 745 572 811 jus
612 748 710 796 ενδ
748 753 998 812 oratores,
1017 755 1073 800 et
1095 750 1300 816 quidem
1327 750 1344 782 ²
1363 751 1547 804 iisdem

490 823 716 888 ipsorum
761 825 984 874 numeris
1028 834 1084 876 et
1127 828 1453 890 rationibus,’
1487 836 1547 879 ut

488 900 602 963 ipse
640 906 865 949 testatur
887 909 1089 962 auctor,
1124 903 1295 967 longe,
1328 906 1549 969 inquam,

487 975 588 1025 alia
626 976 759 1025 ratio
781 984 859 1025 est
883 976 1072 1040 dialogi
1097 985 1150 1026 et
1167 979 1548 1032 institutionum

488 1057 677 1102 orator.
728 1066 839 1116 qnae
876 1058 1074 1102 tantum
1109 1055 1423 1118 precipiunt
1469 1070 1550 1105 re·

488 1127 634 1190 gulas
657 1127 921 1191 quasdam,
958 1134 1051 1178 aut
1083 1136 1229 1179 certe
1266 1130 1463 1193 placita
1485 1147 1550 1183 ac

487 1209 758 1266 praecepta
769 1203 1125 1266 magistrorum
1143 1204 1268 1254 artis
1286 1203 1549 1266 referunt;

487 1279 543 1327 in
567 1278 773 1344 quibus,
793 1279 903 1328 scil.
928 1292 1022 1328 nec
1055 1279 1309 1330 liberrime
1329 1281 1547 1346 spatiari

479 1355 650 1419 juvat,
671 1361 762 1403 ant
794 1353 969 1416 decet,
1006 1355 1094 1403 ubi
1128 1356 1243 1405 scil.
1273 1357 1414 1406 nulla
1433 1371 1549 1420 per-

489 1436 646 1493 petus
669 1430 853 1490 oratio,
894 1437 949 1479 et
989 1430 1074 1479 nbi
1097 1446 1199 1496 quo
1238 1432 1446 1482 brevior
1467 1447 1548 1482 re-

491 1506 614 1567 gula
649 1503 826 1568 fuerit,
856 1506 1008 1555 modo
1044 1508 1323 1571 perspicua
1359 1509 1446 1569 sit,
1484 1523 1548 1558 eo

489 1581 671 1630 melior
703 1588 800 1631 est.
879 1582 962 1631 Sic
1002 1581 1160 1645 igitur
1192 1583 1549 1632 institutiones

489 1655 619 1704 nihil
651 1653 761 1705 fere
799 1656 1108 1720 eloquentiae
1152 1656 1394 1707 Fabiana
1419 1672 1549 1722 prn-

486 1728 682 1794 ferunt,
713 1739 802 1782 aut
824 1739 971 1782 certe
1004 1748 1170 1795 panca
1202 1733 1471 1784 admodum
1493 1742 1549 1785 et

483 1810 728 1872 ‚exempla
749 1808 861 1857 haec
885 1810 1074 1872 saepins
1098 1823 1164 1858 ex
1187 1811 1414 1874 antiquis
1438 1825 1550 1859 ora-

489 1883 689 1932 toribus
711 1892 768 1931 et
791 1885 1054 1948 magistris
1084 1884 1335 1943 desumta,
1357 1900 1460 1934 non
1481 1901 1549 1935 ex

487 1957 603 2024 ipso
625 1961 772 2010 Fabii
799 1962 1024 2024 iugenio.
1057 1960 1323 2011 Habemus
1347 1969 1549 2012 tantum

491 2036 728 2099 quaedam
759 2036 919 2099 ipsius
940 2037 1188 2101 prooemia
1207 2045 1262 2087 et
1282 2038 1401 2087 loca
1424 2053 1548 2088 non-

487 2111 650 2172 nulla,
685 2127 800 2175 quae
837 2120 981 2161 certe
1026 2113 1248 2162 nitorem
1284 2119 1340 2162 et
1374 2113 1548 2163 facun-

489 2186 610 2236 dam
641 2187 777 2236 illins
815 2190 963 2238 nobis
1001 2188 1268 2252 exhibent,
1308 2189 1402 2238 sed
1446 2205 1546 2239 non

489 2263 662 2326 plene,
684 2278 850 2329 neque
888 2265 1014 2315 satis
1052 2263 1275 2329 abunde,
1296 2273 1355 2315 ut
1375 2266 1549 2316 simili-

493 2339 619 2388 tudo
640 2339 830 2403 dialogi
857 2340 1060 2403 penitus
1080 2340 1403 2391 inclarescat.
1471 2342 1547 2394 At

489 2414 535 2464 si
555 2413 860 2463 haberemus
881 2415 1126 2479 quasdam
1160 2417 1418 2467 orationes
1439 2419 1549 2482 ejus

487 2491 782 2553 continuas,
799 2501 857 2542 ut
876 2506 987 2543 eam
1004 2508 1157 2558 quam
1181 2494 1405 2558 priorem
1427 2496 1552 2545 emi-

491 2567 578 2628 sit,
613 2574 669 2617 et
708 2583 860 2632 quam
899 2568 1033 2633 apud
1065 2570 1298 2633 reginam
1338 2572 1552 2621 Bereni-

491 2658 602 2694 cem
617 2643 794 2694 habuit
810 2644 862 2693 in
880 2659 970 2693 sua
990 2659 1165 2707 cansa;
1189 2646 1230 2694 si
1250 2646 1552 2696 haberemus

492 2720 650 2770 etiarn
672 2727 839 2770 totum
879 2728 935 2771 et
966 2721 1223 2786 integrum
1253 2722 1552 2787 Dialogum,

492 2810 575 2846 res
613 2796 763 2858 longe
799 2796 985 2846 clarius
1018 2796 1379 2849 innotesceret.
1443 2799 1551 2849 Sed

490 2872 626 2922 hunc
649 2873 832 2922 misere
861 2871 1180 2936 discerptum
1202 2888 1262 2922 ac
1286 2874 1548 2924 semilace-

493 2962 627 3011 rnm,
650 2949 914 3012 precipue
948 2949 1091 2999 circa
1111 2948 1283 3008 finem,
1309 2950 1456 3000 nobis
1477 2951 1552 3000 in·

490 3025 677 3076 curiosi
700 3025 897 3091 antiqui
920 3027 1268 3091 reliqueruntx
1305 3028 1441 3093 quod
1465 3042 1553 3077 au-

492 3108 584 3166 get
605 3101 962 3151 difficultatem
979 3100 1181 3165 judicii.

555 3177 823 3240 Attamen,
838 3178 880 3226 si
899 3178 1263 3241 profluentium
1284 3179 1421 3228 illam
1447 3193 1552 3229 ser·

491 3254 656 3304 monis
676 3254 922 3316 excipias,
940 3267 1055 3317 quae
1076 3253 1129 3302 in
1152 3252 1359 3317 dialogo
1377 3255 1552 3304 elucet

490 3330 672 3394 magis,
688 3344 744 3378 re
763 3334 964 3379 attente
981 3335 1038 3378 et
1057 3328 1238 3378 sedulo
1257 3337 1552 3393 perspecta,

491 3406 662 3456 omnia
697 3406 900 3468 similia,
937 3418 1196 3469 germana,
1233 3405 1408 3468 paria;
1460 3411 1551 3455 aut

489 3488 635 3532 certe
672 3482 752 3530 vel
796 3480 977 3531 eadem
1019 3480 1241 3545 reperies
1286 3481 1338 3530 ln
1382 3483 1548 3532 instit.

489 3556 726 3607 oratoriis
764 3563 820 3608 et
856 3558 911 3607 in
943 3555 1154 3620 dialogo
1182 3555 1302 3606 isto.
1372 3557 1550 3620 Ratio,

491 3632 638 3696 ordo,
655 3633 858 3696 modus,
877 3627 1165 3696 methodus,
1202 3632 1549 3696 probationes,

487 3709 917 3770 comparationes,
968 3708 1350 3769 similitudines,
1401 3723 1529 3771 argu

487 3791 684 3846 menta,
718 3786 977 3848 exempla,
1012 3785 1186 3834 omnia
1219 3786 1422 3848 similia,
1457 3793 1548 3836 aut

486 3867 634 3911 certe
658 3860 835 3910 eadem
868 3859 980 3910 fere
1004 3860 1308 3925 quandoque
1346 3863 1410 3910 ad
1436 3876 1548 3912 ver-

475 3936 611 3988 bum
652 3936 931 3999 exscripta.
1027 3937 1450 3998 Compar-stiones
1491 3946 1549 3987 et

487 4011 846 4062 similitudines
869 4012 976 4061 fere
1013 4013 1262 4063 desumtae
1300 4029 1364 4061 cx
1395 4015 1548 4063 musi-

490 4104 571 4152 ca,
594 4102 660 4138 ex
685 4089 957 4151 medicina,
995 4104 1060 4138 ex
1083 4088 1265 4137 babitu
1295 4090 1549 4153 corporis,

479 4180 556 4215 ,ex
595 4167 718 4216 ludo
757 4166 1098 4230 gladiatorum
1130 4173 1224 4215 ant
1253 4165 1548 4216 certamini-

490 4240 585 4289 bus
621 4241 948 4306 athletarum,
982 4255 1076 4305 per
1114 4239 1549 4305 comparationem

1626 751 1830 801 scilicet
1851 765 1966 800 cum
1992 747 2347 800 umbratilibus
2370 747 2687 796 declamato-

1626 841 1753 888 rum,
1791 833 1881 875 aut
1917 824 2049 874 veris
2082 831 2336 872 oratorum
2380 823 2600 887 praeliis3
2635 837 2690 870 e·

1630 902 1751 951 tiam
1775 908 1831 950 et
1853 915 1918 950 ex
1943 900 2122 963 spatiis
2160 906 2217 948 et
2253 914 2406 948 cursu
2437 911 2689 962 equorum

1626 977 1892 1038 nobilium,
1909 981 2000 1024 aut
2022 976 2179 1025 etiam
2196 989 2261 1023 ex
2284 973 2483 1038 pictura
2506 981 2562 1022 et
2578 980 2689 1021 sta-

1628 1052 1800 1104 tuaria
1821 1053 2030 1116 antiqua
2058 1056 2116 1101 et
2134 1064 2285 1109 nova,
2307 1055 2395 1099 aut
2416 1049 2501 1097 rel
2522 1063 2588 1096 ex
2613 1049 2693 1111 ip·

1629 1143 1687 1178 sa
1708 1128 2019 1192 agricultura
2040 1132 2095 1175 et
2118 1124 2453 1175 oeconomica:
2490 1137 2554 1171 ex
2578 1124 2693 1186 qni-

1628 1204 1726 1254 bus
1744 1203 1898 1254 facile
1916 1201 2196 1252 similitudo
2226 1199 2422 1263 ingenii
2442 1206 2497 1248 et
2518 1206 2694 1248 ancto-

1629 1282 1699 1330 ris
1722 1279 1998 1344 colligitur.

1691 1356 1887 1405 Eadem
1899 1362 1981 1404 est
1993 1353 2127 1402 ratio
2140 1358 2353 1415 utroque
2365 1350 2498 1398 libro
2512 1366 2527 1410 ;
2550 1349 2693 1399 idem

1627 1438 1708 1482 est
1726 1432 1857 1482 ordo
1867 1429 2164 1495 disputandi
2182 1430 2233 1476 in
2249 1426 2475 1489 dialogo,
2487 1432 2545 1475 et
2558 1440 2693 1489 prae-

1628 1506 1856 1570 cipiendi
1891 1507 1944 1554 in
1982 1502 2387 1554 institutionibus
2426 1502 2694 1563 oratoriis,

1629 1589 1686 1632 et
1715 1580 2028 1632 informandi
2053 1581 2318 1643 juvenem,
2341 1585 2399 1626 ut
2422 1574 2691 1640 perfectus

1628 1658 1818 1707 evadat
1854 1663 2047 1707 orator.
2136 1654 2251 1704 Nec
2294 1653 2468 1715 potuit
2514 1658 2695 1701 orator

1627 1732 1811 1783 afferre
1852 1747 2030 1783 causas
2068 1736 2329 1793 corruptae
2364 1727 2695 1792 eloquentie,

1628 1810 1751 1875 quin
1773 1811 1937 1859 multa
1959 1808 2109 1857 simul
2140 1811 2382 1868 argueret
2406 1804 2456 1853 in
2486 1804 2694 1867 juveni-

1628 1886 1741 1949 bus,
1762 1888 1815 1935 in
1838 1885 2160 1949 parentibus,
2192 1883 2246 1931 in
2269 1882 2527 1944 magistris
2550 1879 2693 1944 ipsis,

1629 1967 1685 2010 et
1705 1962 1894 2011 scholis
1918 1959 2365 2017 declamationum,
2380 1956 2506 2020 quin
2527 1957 2691 2005 multa

1631 2045 1896 2103 praecepta
1919 2036 2043 2086 artis
2060 2035 2350 2096 exhiberet,
2374 2031 2619 2090 referret.
2636 2038 2694 2083 et

1631 2115 1777 2180 quasi
1822 2115 2155 2172 instauraret,
2188 2124 2305 2174 que
2340 2109 2545 2159 scilicet
2576 2109 2690 2172 jam

1629 2192 1880 2241 coaetanei
1915 2189 2024 2253 ejus
2056 2193 2414 2250 corruperant,
2436 2193 2495 2235 ut
2531 2195 2588 2235 et
2619 2186 2693 2249 ip-

1629 2281 1735 2317 sam
1759 2266 2125 2331 eloquentiam.

1693 2341 1863 2406 Igitur
1898 2342 1950 2390 in
1987 2341 2228 2402 Dialogo,
2266 2353 2314 2387 c.
2350 2342 2430 2389 28.
2455 2352 2690 2403 qua-rere

1629 2417 1816 2482 incipit
1852 2431 2030 2467 causas
2069 2422 2331 2477 corrupte
2358 2414 2694 2477 eloquentiae,

1631 2499 1688 2544 et
1715 2494 1825 2558 jam
1862 2492 1983 2542 inde
2005 2492 2072 2542 ab
2104 2499 2222 2542 ortu
2244 2500 2301 2541 et
2335 2504 2365 2538 a
2388 2492 2536 2539 cunis
2570 2491 2695 2554 ipsis

1631 2575 1900 2634 corruptos
1922 2582 2111 2632 pueros
2135 2566 2341 2616 urbanis
2363 2566 2499 2615 vitiis
2521 2574 2695 2616 osten-

1631 2646 1728 2696 dit.
1779 2648 1797 2676 ‘
1823 2644 1952 2697 Quis
1990 2643 2165 2705 enim‚’
2207 2642 2398 2707 inquit,
2442 2641 2694 2705 ‘ignorat

1632 2729 1686 2772 et
1707 2721 2056 2787 eloquentiam
2093 2728 2148 2769 et
2186 2724 2387 2767 ceteras
2410 2725 2552 2766 artes
2572 2718 2694 2766 des·

1629 2798 1813 2849 civisse
1835 2797 1901 2847 ab
1923 2797 2018 2846 ista
2042 2802 2221 2845 vetere
2258 2793 2436 2858 gloria,
2456 2807 2561 2842 non
2585 2793 2692 2843 ino-

1628 2875 1717 2938 pia
1739 2873 2019 2935 bominum,
2038 2871 2127 2921 sed
2157 2869 2354 2920 desidia
2380 2870 2693 2933 juventutis,

1628 2959 1685 3001 et
1704 2950 2020 3014 negligentia
2040 2953 2329 3013 parentum,
2344 2955 2401 2995 et
2420 2946 2694 2995 inscientia

1630 3025 2201 3090 praecipientium..quae
2239 3024 2375 3072 mala
2397 3022 2619 3085 primum
2640 3022 2692 3070 in

1628 3103 1757 3153 urbe
1780 3109 1924 3164 nata,
1965 3104 2063 3150 «Sec.
2131 3101 2245 3164 Ego
2284 3099 2350 3149 de
2388 3098 2516 3146 urbe
2540 3097 2695 3146 ethis

1628 3178 1851 3244 propriis
1888 3191 1951 3228 ac
1992 3175 2281 3226 vernaculis
2318 3173 2459 3223 vitiis
2494 3173 2696 3237 loquar,

1630 3271 1747 3322 quae
1785 3264 1933 3305 natos
1967 3254 2141 3303 statim
2179 3252 2467 3315 excipiunt,
2502 3256 2559 3300 et
2596 3263 2697 3314 per

1629 3332 1855 3395 singulos
1896 3330 2068 3380 oetatis
2107 3329 2294 3392 gradus
2328 3325 2694 3377 cumulantur!

1632 3407 1702 3456 Et
1721 3421 1766 3456 c.
1790 3411 1872 3455 29.
1906 3407 1923 3433 ‘
1944 3405 2099 3455 Nunc
2123 3410 2273 3452 natus
2294 3401 2462 3452 infans
2484 3401 2697 3465 delega-

1629 3491 1715 3534 tur
1754 3483 2014 3532 Graeculoe
2048 3480 2203 3530 alicui
2239 3479 2458 3540 ancille,
2492 3479 2577 3528 cni
2604 3476 2695 3534 ad-

1621 3558 1861 3622 jungitur
1882 3572 2009 3607 unus
2030 3558 2166 3606 alter
2178 3570 2246 3605 ex
2268 3554 2506 3604 omnibus
2526 3555 2694 3604 servis

1630 3634 1935 3698 plerumque
1963 3630 2411 3681 vilissimus...Jam
2433 3642 2554 3679 vere
2576 3643 2697 3693 pro-

1630 3709 1743 3771 pria
1785 3714 1843 3757 et
1880 3708 2162 3771 peculiaria
2199 3706 2347 3768 hujus
2381 3703 2523 3754 urbis
2562 3704 2694 3755 vida

1629 3797 1781 3847 poene
1820 3783 1871 3831 ln
1918 3791 2066 3834 utero
2112 3781 2288 3836 matris
2326 3779 2531 3843 concipi
2566 3779 2693 3829 mihi

1627 3858 1891 3920 videntur,
1906 3857 2216 3910 histrionalis
2238 3854 2404 3918 favor,
2426 3863 2484 3905 et
2499 3855 2697 3918 gladia-

1628 3941 1799 3984 torum
1837 3946 2188 3997 equorumque
2224 3930 2692 3983 studia..Transeo

1629 4012 1795 4074 prima
1831 4009 2133 4060 discentium
2166 4008 2442 4068 elementa,
2470 4007 2695 4070 [intelli—

1628 4089 1705 4152 git
1722 4087 1911 4151 primas
1926 4085 2100 4134 literas
2116 4089 2173 4134 et
2189 4080 2690 4147 pronuntiationem]

1628 4164 1682 4213 in
1704 4162 1888 4228 quibus
1918 4167 1974 4210 et
2002 4159 2128 4222 ipsis
2164 4172 2345 4222 parum
2378 4157 2695 4218 elaboratur,

1628 4251 1726 4290 nec
1765 4237 1817 4288 in
1856 4235 2151 4289 auctoribus
2172 4231 2561 4300 cognoscendis,
2588 4245 2691 4282 uec
