3000 4859
2281 365 2465 436 M

246 528 579 618 penetrali*
615 532 837 598 Deam
865 531 1188 613 intelligit,
1217 534 1615 613 vectamque
1644 529 1863 594 bubus
1886 529 2457 596 i'oe’minism-multu

242 642 451 700 cnm¹⁰
478 636 903 702 veneratione
929 633 1374 718 prosequitur.
1462 631 1640 699 Laeti
1676 639 1834 698 tunc
1859 632 2028 712 dica,
2053 633 2224 698 festa
2246 634 2458 711 lucu,¹²

966 384 1393 447 cunum-111,
1438 383 1605 433 esp.
1646 368 1754 433 4⁰.

247 804 436 865 tumque
456 798 823 860 boburfoemim‘s
843 799 970 850 Deae
992 800 1251 850 uehiculum
1264 799 1473 864 plurimo
1493 811 1596 849 cum
1616 798 1787 849 honore
1808 783 2078 850 comitatur.
2150 799 2281 850 'nme
2300 781 2459 864 efluu-

411 1062 477 1109 10
515 1057 833 1124 Pmpositio
870 1073 975 1109 eun
995 1058 1147 1110 abest
1184 1072 1216 1107 s
1253 1058 1355 1110 Ms.
1375 1057 1549 1108 Turie.
1575 1062 1631 1107 et
1670 1055 1987 1107 editionibus
2009 1033 2295 1106 veteribus.

1258 1253 1472 1321 Nomi

254 1392 433 1458 nandi]
478 1393 528 1443 in
574 1391 828 1445 nonnullis
879 1394 1077 1456 animis,
1114 1399 1225 1443 tum
1266 1395 1317 1443 in
1400 1394 1494 1443 viri
1535 1394 1720 1456 solum,
1749 1393 1842 1444 sed
1879 1400 1936 1444 et
1969 1393 2192 1444 foeminae
2231 1393 2463 1443 viventes

253 1471 485 1533 somniis,
509 1479 618 1521 tum
656 1471 708 1519 in
746 1472 921 1534 sacris,
949 1469 1234 1522 efflorescit
1264 1477 1320 1520 et
1398 1470 1450 1520 in
1474 1471 1735 1534 coelibatu,
1753 1471 2039 1535 etquidem
2075 1473 2336 1535 provectae
2349 1469 2464 1533 ,iam

254 1547 625 1611 exsuscitatur,
646 1562 763 1598 cum
800 1550 885 1598 vel
922 1561 1133 1599 coneus
1170 1560 1322 1598 rmn-
1400 1550 1622 1597 aetatiu—
1658 1547 1809 1599 Quod
1834 1548 1875 1595 si
1913 1545 2211 1595 Vaidelotta
2230 1546 2282 1594 in
2322 1544 2465 1593 adul-

255 1638 414 1675 atum
438 1638 508 1674 ac
531 1638 725 1674 runnu
748 1624 864 1688 est,'
883 1628 982 1675 ὅτε.
1403 1627 1537 1674 ter-io
1552 1625 2049 1688 deprehenderetur,
2060 1625 2124 1674 ad
2140 1625 2309 1688 ignem
2324 1623 2465 1673 illico

320 1701 389 1750 Et
407 1701 594 1750 eodem
615 1701 705 1752 lib.
737 1703 752 1729 ‘
774 1702 962 1768 Itaque
984 1702 1199 1753 stultum
1222 1711 1324 1765 est,
1406 1701 1737 1767 rapiebatur:
1787 1710 1969 1751 auctor
2016 1701 2350 1765 Heuneberg.
2397 1698 2466 1750 de

255 1791 354 1826 una
376 1776 597 1826 muliere
631 1777 698 1826 ad
719 1778 925 1828 oracula
942 1779 1039 1841 uti,
1061 1778 1214 1844 eique
1236 1793 1320 1828 ne·

252 1852 398 1916 gotia
420 1852 690 1915 exhibere,
715 1853 1031 1919 injungendo
1056 1861 1323 1918 perpetue

255 1928 515 1978 castitatis
567 1928 1009 1978 conservationem
1052 1937 1110 1980 et
1156 1930 1322 1979 incor-

260 2013 464 2070 ruptam
492 2003 809 2068 puritatem‚’
835 2009 932 2055 διο.

318 2077 480 2144 Apud
498 2074 642 2130 Plut.
657 2079 783 2131 ibid.
807 2082 871 2131 de
888 2079 1103 2133 barbaro
1119 2081 1323 2132 bomine

259 2155 447 2219 andivi,
471 2172 589 2206 eum
628 2157 692 2205 ad
738 2172 877 2206 mare
908 2158 1137 2208 Rubrum
1162 2159 1323 2209 semel

260 2233 533 2298 quotannis
556 2245 673 2281 cum
709 2232 1000 2282 homiuibus
1029 2235 1324 2298 colloquen-

261 2315 384 2372 tem,
434 2309 637 2374 reliquo
675 2315 907 2372 tempore
945 2325 1063 2360 cum
1113 2311 1325 2375 agresti·

258 2382 355 2434 bus
381 2385 620 2449 nymphis
661 2390 718 2433 et
758 2384 1095 2449 doemonibus,
1130 2393 1189 2436 ut
1211 2386 1324 2449 ipse

260 2460 487 2520 dicebat,
502 2467 927 2523 commorantem,
951 2465 1048 2512 &c.
1082 2463 1327 2512 Ceterum

262 2535 325 2586 ad
363 2525 785 2587 vaticinationem
821 2539 1056 2588 omnibus
1087 2539 1232 2588 annis
1254 2554 1330 2588 se·

263 2613 362 2662 mel
404 2611 703 2677 afflabatur,
736 2617 838 2663 dte.
904 2613 1003 2663 Ille
1026 2614 1183 2678 igitur
1206 2614 1333 2663 divi·

260 2688 522 2738 nationem
557 2688 624 2738 ad
648 2690 907 2739 daemonas
933 2689 1214 2754 referebat,
1232 2695 1331 2742 stc.

324 2766 486 2829 Apud
525 2765 751 2815 Gellium
789 2766 877 2815 lib.
911 2779 1003 2814 xv.
1042 2770 1119 2815 18.
1153 2767 1241 2817 ubi
1263 2767 1330 2817 de

264 2841 443 2905 praelio
486 2841 806 2892 Pharsalico.
862 2842 1067 2893 Patavii
1098 2843 1114 2871 ‘
1138 2843 1332 2892 Corne-

264 2917 363 2967 lius
385 2918 596 2982 quidam
622 2919 863 2967 sacerdos
903 2924 957 2967 et
990 2919 1105 2969 loco
1127 2918 1333 2982 nobilis,

265 3005 318 3048 et
370 2997 656 3048 sacerdotii
701 2997 1037 3062 religionibus
1082 3013 1332 3050 veneran-

264 3072 379 3138 dus,
400 3079 458 3122 et
481 3085 777 3122 cmx-run
800 3085 943 3123 vrrffl
978 3086 1231 3140 sanc-rus,
1254 3088 1330 3123 re-

266 3156 424 3213 pente
449 3156 592 3197 mota
612 3153 807 3210 mente,
819 3149 1117 3212 conspicere
1139 3164 1193 3198 se
1215 3165 1331 3214 pro-

267 3226 348 3275 cul
387 3225 529 3275 dixit
568 3239 795 3292 pugnam
843 3226 1142 3275 acerrimam
1203 3240 1331 3291 pug-

266 3301 408 3349 nari:
469 3314 531 3350 ac
570 3298 759 3348 deinde
799 3299 926 3347 aiios
959 3299 1168 3361 cedere,
1207 3301 1333 3349 alios

268 3390 480 3440 urgere,
503 3374 721 3436 caedem,
752 3372 945 3438 fugam,
963 3376 1071 3423 tela
1097 3375 1337 3437 volantia,

266 3441 690 3502 ‘mstaurationem
706 3464 913 3515 pugnae,
929 3452 1336 3516 impressionem,

266 3527 507 3592 §emitum
551 3529 787 3588 vulnera,
839 3528 1055 3593 perinde
1100 3536 1160 3577 ut
1201 3529 1245 3577 si
1283 3529 1335 3580 in

270 3605 449 3669 praelio
473 3605 587 3668 ipse
609 3609 927 3666 versaretur,
958 3618 1133 3653 coram
1158 3603 1335 3653 videre

269 3694 325 3730 se
348 3679 669 3731 vociferatus
707 3686 821 3730 est:
861 3696 922 3730 ac
962 3687 1143 3745 postea
1167 3681 1337 3730 excla-

269 3759 449 3821 mavit,
468 3757 732 3805 Caesarem
757 3756 981 3807 vicisse.'

335 3831 405 3884 Et
442 3833 556 3882 haec
592 3832 776 3881 eadem
813 3831 944 3881 ratio
974 3840 1071 3894 est,
1107 3847 1201 3882 cur
1225 3833 1340 3883 Rex

270 3901 590 3960 sacrificulus
613 3909 833 3958 Athenis
853 3923 1064 3957 uxorem
1089 3908 1339 3974 virginem

272 3985 467 4036 ducere
491 3992 780 4047 teneretur,
802 3986 918 4049 lege
950 3985 1179 4045 Solonis;
1216 3985 1336 4048 quia

273 4065 383 4115 seit.
418 4064 601 4129 regina
645 4064 761 4112 haec
805 4062 1041 4126 quaedam
1083 4061 1339 4111 sacrificia

272 4140 514 4190 curabat.
580 4140 671 4189 Sic
692 4138 806 4188 fere
842 4146 897 4188 et
929 4138 1067 4202 apud
1092 4138 1338 4188 barbaros

271 4214 591 4267 institutum.
660 4215 803 4266 Nam
844 4214 980 4265 inter
1000 4215 1344 4278 Vaidelottas,

1406 1784 1538 1829 vett.
1591 1779 1810 1829 Prussis.
1834 1778 2146 1829 Vaidelottae
2169 1777 2288 1834 viri,
2320 1776 2464 1838 viris,

1406 1851 1651 1915 foeminae,
1692 1853 1916 1905 foeminis
1950 1867 2199 1917 responsa
2234 1852 2466 1901 Deorum

1403 1931 1616 1980 dabant.
1641 1931 1710 1982 Hi
1730 1933 1886 1982 etiam
1903 1930 2203 1980 sacerdotes
2225 1929 2468 1978 Percuno

1403 2006 1519 2058 Deo
1545 2016 1851 2073 perpetuum
1888 2009 2060 2071 ignem
2102 2007 2330 2068 alebant,
2350 2006 2469 2056 sub·

1403 2085 1526 2135 inde
1572 2085 1781 2149 injectis
1826 2084 1977 2150 lignis
2017 2084 2224 2149 quernis
2246 2101 2261 2146 3
2329 2090 2383 2133 at
2423 2082 2468 2132 si

1405 2161 1828 2225 exstingueretur
1866 2160 2347 2225 ignis,Vaidelotta,
2383 2158 2470 2225 qui

1404 2253 1467 2287 eo
1494 2244 1727 2301 tempore
1752 2251 1930 2286 curam
1951 2237 2084 2301 ignis
2106 2236 2304 2298 babuit,
2328 2236 2470 2299 capi·

1407 2315 1496 2365 tali
1531 2315 1787 2379 supplicio
1828 2312 2165 2364 afficiebatur.
2233 2313 2386 2366 Quod
2417 2320 2472 2364 et

1406 2391 1545 2456 apud
1570 2392 1849 2440 Lithuanos
1870 2391 1944 2439 sic
1967 2391 2018 2439 in
2047 2405 2142 2439 usu
2166 2388 2295 2439 fuit:
2333 2396 2392 2437 ut
2415 2394 2474 2439 et

1410 2466 1549 2531 apud
1595 2468 1811 2532 Gothos,
1855 2467 1908 2515 in
1947 2466 2192 2516 honorem
2244 2466 2471 2516 omnium

1409 2542 1654 2593 Deorum.
1933 2545 1940 2550 '

1478 2616 1491 2651 ¹
1520 2621 1696 2669 Adesse
1710 2617 1973 2686 penetrali]
2022 2617 2085 2667 Id
2110 2623 2206 2679 est,
2228 2616 2280 2665 in
2303 2629 2475 2667 secre-

1411 2696 1546 2745 tiore
1569 2703 1625 2746 et
1646 2696 1923 2758 sanctiore,
1942 2708 2030 2743 seu
2055 2699 2204 2757 parte
2227 2693 2474 2742 interiore

1412 2771 1625 2834 templi;
1644 2786 1764 2822 narn
1789 2786 1966 2841 nemus
1989 2772 2088 2820 hoc
2109 2771 2272 2820 instar
2295 2766 2475 2830 templi

1411 2846 1686 2896 Germanis
1730 2854 1866 2909 erat,
1910 2854 1963 2896 et
2011 2846 2270 2898 vehiculum
2315 2844 2477 2893 instar

1411 2923 1726 2986 penetralis:
1769 2922 2034 2987 penetrale
2058 2921 2213 2984 igitur
2235 2919 2382 2980 Deoe,
2405 2933 2479 2967 ve-

1410 3000 1618 3053 hiantum
1640 3003 1749 3059 est;
1802 3012 1919 3064 quo,
1958 2996 2069 3046 scil.
2110 2995 2366 3044 invehitur
2387 3007 2475 3058 po·

1411 3076 1563 3139 pulis,
1585 3081 1638 3123 et
1661 3075 1798 3124 inter
1819 3073 2059 3123 mortales
2080 3076 2437 3122 conversatur.

1475 3152 1653 3204 Adesse
1664 3150 1899 3215 penetrali
1917 3150 2092 3213 Deum]
2109 3148 2213 3195 Per
2227 3146 2482 3209 penetrale,

1410 3242 1512 3276 non
1551 3227 1800 3290 intelligit
1822 3226 2090 3288 templum,
2127 3230 2185 3273 ut
2220 3227 2371 3286 putat
2394 3220 2481 3269 Iu·

1408 3309 1619 3368 terpres
1664 3301 1805 3351 Gall,
1849 3300 1941 3349 sed
1996 3300 2165 3364 ipsum
2221 3297 2481 3347 vehiculum

1414 3376 1563 3427 Deae.
1628 3379 1812 3441 Supra,
1841 3378 1857 3404 ‘
1877 3377 2210 3440 dicatumque
2234 3374 2285 3423 in
2308 3389 2372 3423 eo
2395 3388 2481 3440 νος

1413 3453 1640 3504 bicnlum
1687 3487 1702 3503 .
1728 3490 1741 3503 .
1781 3453 2039 3518 attingere
2084 3450 2173 3500 nni
2217 3449 2483 3500 sacerdoti

1415 3528 1756 3579 concessum!

1480 3611 1517 3638 ¹¹¹
1558 3604 1748 3656 Vectam
1768 3604 1915 3652 bubus
1924 3602 2161 3666 soeminis]
2195 3603 2326 3654 Quoe
2343 3600 2483 3652 haud

1417 3679 1579 3732 dubie
1595 3682 1892 3745 juvenculae
1908 3681 2191 3746 nullojugo
2215 3680 2313 3730 nisi
2337 3691 2482 3727 sacro

1417 3772 1633 3821 pressae,
1656 3772 1754 3807 nec
1779 3757 1881 3807 ullo
1904 3758 2111 3807 mortali
2133 3771 2290 3821 opere
2325 3761 2485 3804 teme·

1420 3841 1570 3898 ratae,
1605 3833 2034 3899 quemadmodum
2072 3848 2229 3896 supra
2262 3830 2392 3879 dixit
2415 3829 2485 3880 de

1420 3912 1566 3976 equis
1596 3912 1745 3973 albis,
1771 3911 1855 3975 qui
1878 3925 2077 3960 sacrum
2099 3909 2253 3958 etiam
2278 3919 2486 3956 currum

1417 3988 1698 4051 vehebant,
1733 3989 1874 4038 nullo
1896 3984 2112 4052 profano
2152 3984 2332 4033 labore
2367 3993 2487 4032 vex·

1414 4064 1509 4116 ati.

1486 4148 1512 4173 ¹¹
1543 4141 1676 4190 Lata·
1696 4145 1806 4189 tunc
1819 4138 2074 4200 dies,sestn
2095 4134 2216 4196 loco]
2249 4134 2335 4186 Sic
2358 4132 2486 4197 legi-

1422 4216 1522 4266 bus
1546 4216 1747 4266 Solonis
1769 4215 2031 4270 celebrata
2070 4210 2251 4273 religio
2275 4228 2288 4260 :
2338 4212 2353 4240 ‘
2377 4211 2481 4272 Die

276 4294 365 4360 qui
384 4293 697 4350 Prussorum
736 4290 1053 4358 sacerdotes,
1074 4290 1222 4344 fuere
1245 4305 1348 4344 non
1422 4291 1560 4345 festo
1578 4289 1986 4353 Atheniensium,
2007 4302 2072 4338 ne
2099 4287 2356 4355 cuiquam,
2374 4286 2484 4340 sive
