3000 4859
956 377 1385 449 anamma,
1432 387 1597 438 on.
1641 373 1752 442 18.

2283 382 2466 456 m

251 538 409 588 eum
450 519 711 590 framea
754 521 1165 608 gladioque?
1248 526 1334 592 In
1372 529 1544 597 haec·
1566 552 1834 598 munera
1875 545 2055 602 uxor
2093 540 2462 632 accipitur-3

252 626 453 705 atque
480 622 778 689 invicem
804 626 953 708 ipsa
978 644 1310 692 armorum
1337 631 1588 716 aliquid
1631 634 1780 699 viro
1823 636 2010 702 affert
2026 648 2075 704 :⁹
2114 641 2242 708 hoc
2268 665 2462 716 max..

252 723 462 788 imum
512 724 878 805 vinculum,
925 728 1074 794 baec
1121 748 1369 797 arcana
1413 752 1630 812 saera,
1677 736 1798 801 hos
1832 741 2215 824 conjugales
2248 747 2463 816 Deos*

252 823 671 890 arbitrantur.
763 826 871 891 Ne
918 847 990 892 se
1031 831 1269 895 mulier
1311 837 1501 898 oxu-a
1525 835 1842 901 virtutum
1872 840 2308 922 cogitationes
2337 867 2460 915 ex·-

251 928 482 1007 traqne
541 926 866 993 bellorum
915 948 1111 996 casus
1165 937 1376 1016 putet,
1419 936 1589 1018 ipsis
1633 939 2012 1022 incipientis
2061 948 2460 1017 matrimonii

250 1024 577 1108 auspiciis
635 1026 1049 1111 admonetur,
1103 1034 1324 1100 venire

1395 1053 1468 1101 se
1528 1036 1829 1104 laborum
1879 1042 2460 1134 periculorumque

256 1125 538 1205 sociam,
566 1126 746 1191 idem
773 1131 843 1193 in
866 1150 1060 1215 pace,
1088 1132 1268 1200 idem
1310 1135 1383 1202 in
1428 1140 1663 1220 praelio
1713 1159 2067 1224 passuram
2122 1163 2462 1216 ausuram-

255 1465 543 1526 munnio,
582 1466 702 1528 ipsis
735 1471 981 1531 captantis
1018 1470 1230 1534 conjugit
1251 1487 1475 1542 auspiciu
1493 1479 1703 1540 docetur,
1720 1453 1974 1531 «anatim
1991 1497 2043 1532 se
2062 1484 2270 1535 laborm
2292 1488 2462 1538 diacri-

256 1527 525 1593 mque
563 1532 781 1582 comen
815 1546 872 1581 ac
905 1534 1206 1600 participare,
1239 1537 1368 1588 idem
1401 1541 1708 1592 tolet-surm
1742 1543 1795 1593 in
1825 1557 1961 1610 pace,
1993 1547 2117 1597 idem
2134 1550 2189 1599 ia
2207 1553 2466 1604 certamiine

1251 1649 1469 1704 Now.

255 1716 522 1771 inimicos:
554 1721 730 1788 fruges
751 1725 926 1775 amicis
955 1726 1151 1790 damus,
1168 1728 1323 1779 boum

256 1791 437 1844 labore
454 1797 718 1860 quesitas.
785 1798 977 1850 Patera
998 1816 1115 1852 cum
1136 1803 1214 1853 bis
1248 1803 1320 1854 vi-

258 1883 380 1919 uum
400 1871 521 1921 Diis
553 1872 793 1924 libamus.
858 1876 1100 1928 Inimico·
1132 1879 1323 1945 sagitta

257 1946 479 2009 eminus,
500 1946 648 1997 basta
668 1951 899 2000 cominus
921 1951 1178 2026 petimus!

316 2026 345 2052 ¹⁸
381 2022 661 2073 Froenatum
682 2025 873 2089 equum]
905 2027 969 2076 Id
990 2033 1089 2092 est,
1106 2030 1323 2081 instrue-

258 2099 369 2145 tum
402 2100 543 2148 omni
577 2107 767 2151 ornatu
795 2105 1079 2154 necessario
1115 2107 1181 2156 ad
1214 2106 1322 2157 bel·

254 2171 380 2224 lum.
460 2175 772 2226 Diceremus
823 2178 1150 2241 phaleratam.-
1200 2197 1321 2233 nam

256 2246 392 2298 infra
411 2248 572 2298 babet
589 2267 621 2298 :r
638 2255 654 2280 ‘
679 2259 898 2315 paratus
913 2257 1108 2320 equus!

320 2331 347 2357 ⁰
382 2326 708 2386 Creusa-unica
728 2331 998 2395 gladioque]
1054 2333 1321 2386 Plutarch.

256 2397 525 2449 Problem.
566 2403 782 2453 Roman.
816 2405 832 2433 ‘
857 2406 963 2455 Cur
996 2420 1196 2474 eornm,
1233 2413 1323 2476 qni

254 2488 444 2526 uxores
468 2476 680 2542 ducunt,
697 2494 897 2531 comam
920 2484 1083 2534 bastae
1106 2488 1321 2551 cuspide

258 2548 564 2602 discernunt
588 2569 649 2605 ac
686 2557 1064 2611 discriminant?
1111 2563 1197 2614 An
1221 2566 1321 2631 sig-

256 2638 384 2675 num
405 2635 508 2691 est,
536 2630 699 2693 prima
720 2635 975 2684 connubia
992 2636 1223 2690 violenta
1242 2640 1320 2689 fu-

254 2700 389 2752 ine?
438 2702 520 2753 An
552 2707 726 2756 statim
749 2709 951 2760 discunt
984 2727 1167 2764 uxores
1200 2717 1322 2767 viris

255 2776 480 2830 fortibus
500 2788 555 2831 et
572 2782 829 2835 bellicosis
852 2788 1163 2854 conjunctae,
1180 2806 1322 2842 seve-

256 2866 375 2903 rum
410 2862 469 2905 et
502 2857 712 2908 minime
748 2858 1115 2913 effoeminatum
1153 2874 1207 2915 et
1246 2873 1322 2916 te-

256 2941 413 2979 nuem
436 2931 627 2980 cultum
651 2946 715 2982 ac
737 2934 937 2985 virilem
963 2945 1199 2988 ornatum
1236 2956 1324 3005 ap-

259 3003 484 3066 probare
502 3005 537 3052 ?’
572 3010 669 3057 stc.
738 3005 823 3057 An
861 3008 1135 3063 divortium
1169 3030 1233 3065 ea
1265 3031 1323 3066 re

256 3079 597 3144 significatur,
629 3083 768 3147 quod
806 3087 912 3136 solo
948 3086 1086 3139 ferro
1127 3092 1323 3155 nuptia

259 3154 560 3206 dirimendae
580 3159 717 3207 sint?
738 3160 819 3209 Au
837 3161 962 3212 illud
987 3166 1166 3230 magis,
1185 3167 1324 3232 quod

196 3261 201 3270 .
257 3229 512 3294 pleraque
545 3231 610 3281 ad
645 3236 957 3287 connubium
1012 3242 1325 3304 pertinentia

256 3305 453 3357 ,Iunoni
491 3309 817 3361 attribuant?
863 3316 997 3364 Nam
1036 3324 1092 3366 et
1124 3318 1324 3370 hastam

258 3380 453 3431 Junoni
472 3393 826 3436 consecratam
862 3403 975 3440 esse
1008 3393 1325 3458 existimant,

261 3463 317 3507 et
356 3456 475 3520 ejus
519 3467 707 3511 statuae
752 3469 812 3511 ut
854 3465 1124 3526 plurimum
1163 3469 1326 3518 bastae

262 3531 452 3583 intrim
491 3543 793 3600 cernuntur,
815 3538 1009 3603 quippe
1041 3556 1191 3606 quam
1227 3544 1327 3593 Cu·

261 3607 360 3656 rim
398 3610 738 3673 appellabant
780 3619 1000 3663 veteres.
1081 3615 1220 3665 Hinc
1271 3623 1328 3666 et

261 3681 439 3731 Cui-im
479 3685 709 3735 Martem
750 3687 1065 3738 nominatum
1103 3703 1216 3740 esse
1250 3692 1326 3741 di-

260 3758 424 3808 cunt!

324 3833 486 3882 Forte
522 3833 601 3884 sie
638 3834 1007 3888 admonebatur
1036 3854 1242 3905 sponsa,
1272 3840 1327 3891 in

262 3923 327 3959 eo
373 3915 515 3960 statu
556 3909 752 3961 debere
788 3928 843 3961 se
887 3920 1046 3978 stare,
1085 3917 1230 3980 quasi
1274 3917 1328 3966 iu

256 3985 535 4049 procinctu
558 3985 623 4035 ad
646 3985 857 4050 bellum,
891 3991 1035 4053 quasi
1069 3992 1328 4042 Junonem

255 4067 536 4124 armatam,
570 4063 717 4128 quasi
754 4065 1045 4116 Minervam
1078 4070 1329 4130 alteram;

254 4146 309 4188 et
333 4139 401 4189 de
422 4139 563 4189 virili
595 4140 814 4203 virtute,
835 4149 888 4191 et
910 4144 1076 4208 quasi,
1098 4143 1331 4195 desolata

256 4216 370 4268 viro
388 4214 538 4267 forte
559 4215 803 4282 deberet,
827 4220 1097 4285 utriusque
1128 4219 1329 4287 pondus
1352 4275 1361 4282 ,

1402 1738 1460 1781 et
1480 1746 1631 1783 curas
1650 1750 1894 1803 armaque
1929 1743 1984 1788 et
2016 1738 2160 1789 bella
2188 1744 2463 1809 sustinere,

1403 1809 1548 1871 quasi
1590 1810 1748 1861 viram
1781 1820 1872 1863 aut
1922 1813 2201 1877 viraginem
2243 1816 2463 1870 fortlssi·

1400 1899 1555 1934 mam.
1618 1886 1705 1936 Sic
1726 1888 1865 1939 forte
1903 1895 1960 1939 et
1998 1889 2373 1942 admonebatur
2393 1893 2463 1945 de

1400 1959 1538 2009 bello
1571 1961 1817 2014 intestino
1850 1970 1906 2015 et
1937 1966 2179 2028 graviori.
2247 1969 2363 2018 Nec
2385 1970 2465 2019 in-

1401 2035 1532 2085 scite
1554 2036 1688 2087 dixit
1705 2039 1986 2090 Montanus
2007 2048 2200 2104 noster,
2220 2045 2237 2072 ‘
2255 2044 2461 2107 gravina

1402 2109 1760 2177 difficiliusque
1783 2113 1909 2164 ferri
1940 2116 2127 2179 puellis
2158 2119 2461 2181 pudicitiam

1403 2198 1463 2234 ac
1502 2187 1850 2254 sanctitatem,
1886 2197 2038 2254 quam
2070 2191 2223 2240 militi
2260 2195 2463 2258 galeam

1403 2267 1493 2311 ant
1510 2262 1760 2313 loricam?
1824 2265 1981 2314 Forte
2000 2265 2074 2315 sic
2086 2265 2463 2319 admonebatur

1402 2337 1595 2401 puella,
1631 2345 1845 2402 nuptam
1883 2340 2076 2390 habere
2114 2355 2230 2391 suas
2265 2345 2466 2394 mundi-

1402 2411 1520 2474 tias,
1538 2413 1864 2477 elegantiam,
1882 2414 2112 2477 delicias,
2128 2422 2342 2467 atcerte
2358 2433 2464 2472 nou

1400 2501 1574 2549 puras,
1610 2502 1712 2538 nou
1751 2490 1993 2551 sinceras,
2016 2489 2106 2538 sed
2140 2491 2334 2554 praeliis
2373 2493 2463 2542 ad·

1400 2563 1660 2627 versisque
1683 2564 1871 2613 mixtas
1892 2580 1907 2624 ;
1955 2565 2091 2629 quod
2116 2571 2171 2614 et
2192 2564 2275 2615 bic
2298 2567 2465 2622 voluit

1398 2636 1627 2687 Tacitus.

1465 2712 1692 2776 Frmnm]
1756 2715 1985 2765 Frameae
2050 2714 2187 2766 forte
2249 2713 2465 2770 fuerunt

1398 2781 1636 2850 Aug-om,
1677 2789 1849 2852 lingna
1901 2790 2168 2854 Francica,
2217 2792 2339 2855 tela,
2369 2806 2463 2843 seu

1399 2862 1581 2924 hastae,
1599 2863 1782 2925 quibus
1809 2864 1992 2913 Franci
2017 2865 2315 2914 utebantur.
2379 2867 2463 2917 De

1407 2935 1593 3000 quibus
1626 2935 1874 2999 Agatbias
1906 2938 1998 2986 lib.
2030 2952 2069 2986 1.
2102 2939 2119 2966 ‘
2142 2937 2370 3003 Brevia:
2389 2941 2466 2991 in·

1404 3012 1533 3075 quit,
1563 3011 1579 3039 ‘
1604 3012 1728 3072 tela,
1748 3027 1861 3074 quae
1878 3012 1974 3076 ipsi
1997 3026 2221 3075 angones
2246 3022 2466 3080 vocant3

1404 3086 1552 3148 eujus
1575 3099 1694 3149 pars
1716 3086 1882 3149 major
1925 3085 2065 3135 ferro
2100 3086 2329 3139 obducta
2362 3097 2466 3154 est,

1403 3160 1478 3209 ita
1518 3166 1576 3208 ut
1614 3174 1677 3208 ex
1708 3160 1848 3224 ligno
1881 3160 2070 3227 aliquid
2094 3170 2289 3226 praeter
2306 3178 2466 3216 mem·

1407 3234 1556 3284 bruni
1598 3236 1685 3285 vix
1725 3236 1907 3298 ex'tet3
1941 3238 1995 3287 in
2038 3239 2290 3301 superiori
2322 3239 2464 3293 ferro

1404 3315 1648 3374 tanquam
1685 3312 1821 3360 hami
1860 3312 2118 3378 utrimque
2139 3318 2279 3378 sunt,
2301 3321 2356 3364 et
2378 3315 2466 3367 de-

1407 3397 1581 3433 orsum
1600 3385 1860 3446 vergunt!

1470 3465 1497 3500 Ρ
1528 3458 1715 3524 Affert]
1745 3461 1928 3524 Affert,
1959 3468 2016 3511 et
2049 3462 2209 3527 offert,
2245 3479 2342 3528 pro
2379 3479 2464 3518 eo-

1408 3533 1528 3583 dem
1543 3542 1663 3584 sunt
1680 3537 1818 3600 apud
1833 3538 2087 3587 Tacitum.

1470 3616 1496 3651 ⁴1
1531 3609 1639 3658 Hos
1656 3611 1919 3673 conjugales
1937 3615 2087 3677 Deos]
2120 3611 2220 3664 Hm
2239 3630 2321 3665 res
2346 3625 2468 3669 sunt

1406 3683 1530 3747 ipsis
1552 3685 1799 3748 auspicia,
1818 3701 1982 3750 sacra,
2008 3701 2210 3753 arcana,
2229 3691 2339 3757 Dii,
2361 3709 2468 3745 om·

1406 3759 1522 3809 nia:
1557 3767 1650 3809 aut
1691 3763 1732 3809 si
1768 3764 1863 3825 vis,
1889 3771 2010 3814 suut
2044 3766 2155 3816 baee
2177 3767 2314 3817 dona
2335 3769 2466 3819 Ger-

1404 3849 1671 3886 manarum
1715 3840 2068 3902 matrimoniis,
2107 3858 2222 3904 quae
2244 3849 2363 3892 sunt
2384 3858 2467 3893 ar-

1407 3926 1556 3975 cana,
1607 3921 1664 3963 et
1720 3915 1811 3964 Dii
1864 3918 2162 3981 conjugales
2205 3919 2467 3972 Romanis.

1408 3991 1597 4056 Neque
1644 3992 1779 4040 enim
1832 4000 1959 4055 puto
2026 3993 2313 4042 Germanus
2364 4008 2466 4057 pro

1409 4069 1530 4118 Diis
1548 4070 1726 4119 isthaec
1743 4071 1978 4133 coluisse,
2009 4072 2256 4135 quamvis,
2271 4077 2330 4118 ut
2344 4071 2467 4121 scri·

1408 4144 1487 4194 bit
1513 4145 1549 4197 J
1555 4147 1748 4195 ustinus
1781 4158 1942 4195 xun.
1965 4150 2012 4195 3.
2044 4149 2060 4174 ⁴
2088 4146 2194 4193 Per
2213 4159 2276 4194 ea
2298 4145 2468 4199 adhue

1408 4226 1647 4286 tempora
1680 4234 1847 4286 reges,
1866 4220 2037 4271 hastas
2057 4231 2152 4285 pro
2172 4217 2468 4275 diademate
