3000 4859
980 423 1417 491 uenustus,
1461 427 1630 480 cu.
1672 414 1782 480 40.

1267 635 1481 688 Nom-3

264 767 511 818 Numinis
547 775 841 833 expertem,
862 783 1030 835 neque
1070 770 1157 835 qui
1181 770 1333 821 initia

264 852 361 893 ant
376 845 522 910 orgia
556 846 663 894 ulla
695 860 726 895 a
760 847 875 896 Diis
912 846 1102 911 negligi
1142 845 1329 910 praedi-

264 925 416 968 cant:
452 935 624 985 neque
648 927 819 971 tamen
842 921 894 969 in
919 921 1095 971 iisdem
1117 923 1332 985 versari,

261 994 532 1056 interesse,
580 998 834 1061 implicari
877 1013 1193 1062 censeamus,
1237 998 1328 1047 sed

263 1071 447 1136 quibus
461 1077 549 1138 jus
572 1073 751 1140 fasque
789 1081 872 1123 est
903 1076 1131 1125 Deorum
1154 1074 1328 1124 minis-

263 1148 358 1198 tris
379 1163 445 1199 ea
480 1150 790 1212 tribuentes,
815 1159 1060 1215 tauquam
1096 1151 1327 1200 accensis

264 1235 320 1277 et
339 1229 546 1293 scribis,
584 1229 848 1279 daemonas
882 1231 1152 1280 credamus
1191 1228 1327 1278 arbi-

265 1310 370 1351 tros
394 1317 509 1352 esse
537 1304 821 1355 divinorum
857 1320 1137 1362 sacrorum,
1158 1312 1213 1355 et
1237 1305 1328 1354 ini-

264 1378 455 1429 tiorum
499 1381 734 1443 auspices
792 1391 846 1430 et
906 1387 1158 1444 auctores,
1201 1381 1326 1431 alios

261 1455 515 1504 scelerum
550 1457 784 1519 gravium
823 1462 878 1505 et
899 1456 1193 1505 immanium
1216 1456 1326 1505 vin-

263 1528 406 1580 dices
426 1541 619 1582 terram
640 1531 864 1581 lustrare
883 1540 1152 1595 putemus:
1179 1547 1326 1597 quos-

263 1604 381 1654 dam
432 1606 591 1657 etiam
633 1608 894 1658 Hesiodus
942 1610 1042 1659 rite
1099 1615 1327 1672 sanctos,

260 1681 549 1746 munifices,
566 1685 742 1747 regale
761 1685 857 1734 boc
878 1700 1060 1733 munus
1080 1685 1326 1734 habentes

262 1758 565 1821 appellavit,
587 1760 725 1824 quod
753 1760 883 1811 bene
920 1762 1105 1811 mereri
1128 1763 1326 1827 regium

260 1831 366 1883 sit!

323 1912 497 1961 Etiam
516 1912 658 1964 Plut.
682 1913 773 1963 lib.
794 1915 861 1964 de
874 1930 964 1966 ore
988 1916 1128 1964 orbis
1152 1917 1288 1965 lnnae
1309 1935 1324 1968 z

258 1986 277 2015 ‘
302 1987 422 2036 Non
452 1989 696 2053 semper,'
736 1992 921 2056 inquit,
952 1993 967 2018 ‘
990 1991 1249 2042 doemones
1272 1994 1325 2043 in

258 2064 378 2114 tum
418 2077 823 2131 commorantur,
854 2071 943 2120 sed
979 2072 1081 2121 huc
1110 2070 1327 2122 descen·

259 2139 387 2191 dunt
424 2145 633 2193 oracula
666 2153 1015 2209 procuratum.
1080 2145 1159 2195 Ac
1191 2161 1326 2195 sum-

258 2215 350 2264 mis
370 2217 636 2269 intersunt
656 2223 982 2285 caerimoniis,
998 2236 1187 2288 easque
1203 2237 1323 2273 con-

258 2292 545 2346 celebrant.
612 2296 781 2347 Iidem
808 2299 1035 2348 vindices
1063 2306 1116 2348 et
1148 2299 1323 2349 obser-

260 2377 464 2420 vatores
502 2372 832 2438 iniquitatem
868 2376 1209 2437 circumeunt,
1244 2390 1321 2425 sa·

258 2446 549 2512 intereaque
572 2450 625 2499 in
650 2442 797 2499 bellis
820 2456 978 2515 atque
1012 2451 1064 2500 in
1100 2452 1226 2501 mari
1250 2452 1322 2501 al·

258 2523 469 2574 lucent?
610 2581 615 2586 .
1039 2543 1051 2552 ·

320 2599 573 2650 Similiter
608 2600 868 2651 Diodorus
908 2601 1143 2651 Siculus:
1188 2601 1319 2651 ‘Fe-

258 2681 378 2725 runt
418 2675 517 2724 bos
561 2676 788 2741 quinque
831 2678 970 2728 Deos
1022 2678 1317 2742 [Spiritum,

256 2749 436 2815 Ignem
483 2766 577 2802 sen
630 2753 942 2816 Vulcanum,
981 2756 1189 2804 Terram
1225 2768 1317 2804 seu

255 2830 517 2891 Cererem,
530 2831 908 2882 Humiditatem
923 2848 1011 2882 seu
1030 2834 1317 2895 Oceanum,

256 2903 445 2955 Aerem
491 2921 584 2956 sen
625 2908 890 2957 Palladem
939 2909 1088 2961 Jovis
1134 2909 1318 2973 filiam]

254 2995 453 3032 ornnem
483 2998 763 3047 peragrare
781 2993 992 3048 terram,
1008 2993 1319 3051 apparentes

254 3057 539 3107 bominibus
555 3059 608 3108 ln
628 3073 892 3108 sacrorum
910 3060 1202 3110 animalium
1217 3059 1321 3109 for·

253 3135 357 3196 mis,
392 3135 706 3200 quandoque
748 3145 922 3187 autem
963 3139 1016 3187 in
1061 3140 1319 3188 hominum

253 3218 336 3260 aut
354 3214 579 3263 aliorum
601 3213 803 3276 specie:
856 3216 993 3278 quod
1015 3216 1222 3265 minime
1242 3214 1319 3266 fa-

254 3287 489 3338 hulmum
514 3288 737 3351 videtur,
767 3289 809 3337 sl
833 3291 1042 3354 quidem
1066 3291 1151 3340 isti
1180 3297 1316 3350 sunt,

254 3366 339 3428 qui
354 3365 530 3414 omnia
553 3371 807 3429 generant
824 3373 878 3415 et
901 3368 1212 3430 producunt.
1248 3368 1318 3415 Et

254 3440 530 3505 Homerus,
553 3443 639 3507 qui
663 3443 731 3491 ad
760 3442 1028 3505 AEgyptios
1049 3440 1314 3505 profectus

253 3523 348 3580 est,
376 3519 649 3584 multaque
672 3520 738 3568 ab
763 3533 938 3568 eorum
962 3518 1315 3567 sacerdotibus

253 3595 479 3660 accepit,
500 3596 613 3646 ina-c
649 3607 894 3660 tanquam
934 3610 1057 3646 vera
1079 3595 1132 3643 in
1156 3608 1314 3658 opere

252 3686 337 3720 suo
359 3672 626 3735 describit,
648 3672 892 3736 Deosque
915 3672 1102 3735 saepius
1124 3671 1177 3719 in
1194 3671 1313 3719 alie·

251 3746 329 3796 nis
344 3745 526 3796 formis
552 3748 823 3797 circumire
848 3747 1016 3809 nrbes,
1040 3754 1095 3797 ut
1114 3747 1238 3796 vitia
1260 3753 1316 3796 et

254 3824 473 3874 virtutes
492 3825 758 3874 homiuum
782 3823 1096 3888 inspiciant,'
1120 3827 1218 3873 &c-

314 3900 499 3967 Itaqne
537 3902 590 3950 in
631 3902 736 3949 ista
775 3909 1007 3949 veterum
1045 3900 1323 3961 sententia,

256 3976 407 4027 Genii
432 3978 511 4027 im
535 3977 712 4027 orbem
737 3976 1134 4036 circumeuntes,
1159 3975 1319 4024 veluti

249 4055 403 4104 medii
435 4054 582 4105 fuere
605 4063 660 4103 et
685 4054 989 4102 internuntii
1012 4053 1226 4117 spiritus
1248 4053 1321 4102 in-

252 4137 331 4180 ter
351 4132 519 4182 Deum
545 4137 600 4181 et
624 4130 877 4192 homines,
902 4137 954 4178 et
987 4131 1130 4194 quasi
1152 4130 1322 4179 minis·

250 4206 314 4255 tri
332 4207 472 4258 illins
492 4203 849 4271 pra-sidebant
868 4206 1186 4269 generationi
1200 4221 1318 4256 con-

251 4285 629 4352 servationique
650 4295 844 4346 rernm,
865 4288 921 4333 et
954 4283 1208 4334 universa
1231 4298 1318 4334 na-

1410 773 1561 830 turae,
1597 767 2116 833 imm-veniebantque
2154 766 2308 816 rebus
2339 779 2475 816 mor-

1411 846 1615 907 talium,
1644 859 1785 908 saepe
1807 851 1864 894 et
1894 845 1910 872 ‘
1934 843 2245 894 immortalia
2267 841 2475 892 mortali

1410 936 1645 972 sermone
1675 921 1953 985 notarunt,’
1993 919 2279 969 Lucretius.
2343 917 2474 968 Sub-

1408 997 1690 1050 veniebant
1707 997 2058 1049 laborantibus
2089 985 2394 1063 quaudoque
2419 996 2475 1047 in

1409 1075 1672 1140 periculis,
1694 1075 1747 1124 in
1788 1074 1997 1139 paliis,
2021 1080 2077 1124 et
2105 1073 2294 1137 inipso
2323 1071 2474 1133 mari,

1410 1152 1569 1202 etiam
1621 1152 1662 1200 si
1707 1152 2013 1216 quandoque
2065 1163 2167 1199 nou
2210 1155 2477 1200 certarent

1408 1227 1529 1291 ipsi,
1564 1242 1732 1292 neque
1754 1227 1902 1276 simul
1924 1226 2241 1291 navigarent.
2307 1225 2376 1275 Et
2399 1225 2475 1290 ig-

1408 1304 1580 1354 norati
1619 1303 1895 1369 amictique
1931 1303 2073 1364 aEre,
2095 1310 2154 1352 ut
2192 1302 2265 1351 ait
2287 1300 2474 1351 Hesio-

1408 1379 1522 1445 dus,
1558 1389 1614 1431 et
1652 1385 1666 1409 ‘
1689 1381 1837 1430 alatis
1875 1380 1962 1445 qui
2000 1377 2236 1429 curribus
2273 1378 2472 1426 aethera

1407 1458 1665 1522 carpunt,’
1686 1456 2072 1521 perlustrabant
2089 1463 2278 1517 terras,
2299 1454 2472 1516 urbes,

1406 1540 1609 1597 gentes,
1642 1532 1979 1583 excutiebant
2015 1540 2236 1594 mentes,
2282 1531 2473 1581 exami-

1404 1612 1601 1661 nabant
1626 1612 1768 1675 jura,
1792 1609 2008 1675 judicia,
2041 1612 2364 1674 virtutesque
2385 1610 2474 1658 ho-

1404 1688 1596 1748 minum
1621 1693 1782 1737 testes
1805 1694 2087 1751 praesentes
2107 1686 2473 1750 inspiciebant,

1404 1764 1420 1791 ‘
1444 1763 1652 1813 subiere
1673 1764 1892 1813 minores
1913 1778 2053 1827 saepe
2086 1775 2232 1812 casas
2255 1761 2474 1826 Superi,’

1408 1839 1568 1890 Ovid.
1594 1841 1726 1889 Met.
1753 1854 1805 1888 v.
1868 1839 2031 1888 Simul
2054 1845 2110 1889 et
2130 1838 2347 1887 crimina
2365 1852 2473 1888 sc&

1406 1918 1621 1981 lemque
1645 1916 1997 1966 vindicabunt.
2064 1915 2149 1964 Illi
2172 1916 2329 1964 etiam
2353 1929 2470 1979 pro·-

1406 1993 1658 2044 curabant
1675 1993 2013 2053 caerimonias,
2029 1989 2171 2055 vota,
2197 1989 2471 2056 sacrificia,

1407 2070 1635 2132 oracula,
1653 2077 1707 2119 et
1732 2066 2044 2118 vaticinandi
2067 2067 2304 2131 spiritum
2330 2065 2470 2118 affia-

1406 2145 1552 2195 baut.
1616 2145 1756 2194 Hinc
1779 2157 1982 2194 causam
2016 2153 2192 2193 notam
2216 2144 2474 2207 putabant

1403 2221 1554 2285 hujus
1578 2221 1737 2271 divini
1772 2219 1975 2270 afflatus
2005 2220 2058 2268 in
2092 2219 2301 2284 Pythia,
2322 2220 2374 2269 in
2396 2221 2474 2270 Si-

1404 2298 1580 2362 byllis,
1617 2305 1673 2348 et
1710 2298 1822 2347 aliis
1858 2297 2182 2347 oraculorum
2226 2297 2470 2349 sortibus.

1402 2375 1537 2425 Quae
1562 2380 1619 2423 et
1640 2388 1737 2437 par
1760 2373 1893 2422 ratio
1915 2371 2055 2421 foret
2079 2371 2146 2421 de
2171 2374 2329 2436 Maga
2353 2372 2470 2421 Ma·

1400 2449 1484 2511 rii,
1510 2455 1600 2498 aut
1622 2463 1703 2510 eo,
1732 2451 1747 2477 ⁶
1768 2449 1852 2498 cni
1872 2447 2130 2512 pecudum
2163 2448 2328 2512 fibrae,
2349 2448 2469 2498 coeli

1401 2526 1485 2575 cui
1510 2525 1680 2574 sidera
1703 2523 1925 2589 parcnt!
1991 2524 2067 2573 Ut
2089 2532 2143 2573 et
2158 2522 2225 2573 de
2249 2524 2468 2575 Druidis

1396 2602 1607 2664 nostris,
1631 2603 1899 2666 praecipue
1932 2599 2173 2663 t'oeminis,
2194 2608 2250 2651 et
2282 2600 2349 2650 de
2368 2601 2470 2651 vir·

1397 2678 1602 2742 ginibus
1627 2677 1853 2729 fatidicis
1886 2677 2282 2740 Germanorum,
2316 2675 2469 2727 Auri-

1398 2759 1504 2823 nia,
1522 2759 1744 2822 Veleda,
1765 2763 1864 2808 διο.
1887 2765 1942 2808 et
1964 2757 2100 2808 forte
2128 2757 2240 2820 pari
2266 2756 2468 2806 ratione

1397 2835 1645 2885 consultae
1660 2834 1897 2900 quaedam
1911 2832 2131 2883 foeminae
2151 2832 2471 2882 Britannicae

1399 2910 1464 2958 de
1494 2923 1744 2973 prospero
1766 2909 2109 2973 navigationis
2133 2909 2312 2967 exitu3
2349 2903 2467 2971 qum

1400 2993 1455 3036 et
1513 2984 1845 3048 imperabant
1885 2985 2071 3041 ventis,
2116 2980 2355 3032 fluctibus
2403 2996 2467 3033 ac

1400 3061 1660 3128 procellis.
1689 3061 1839 3110 'Hinc
1859 3066 1916 3110 et
1933 3059 2065 3108 ratio
2085 3057 2255 3122 colligi
2282 3059 2468 3123 possit,

1402 3151 1496 3189 cur
1526 3139 1673 3202 virgo
1709 3136 1946 3202 quaedam
1984 3134 2123 3199 apud
2162 3135 2375 3186 Sueten.
2413 3135 2469 3186 in

1401 3215 1658 3279 Hispania
1681 3214 1960 3263 sanctitate
1984 3220 2039 3262 et
2060 3211 2201 3262 fama
2222 3212 2466 3276 celebris,

1399 3292 1672 3357 imperinm
1695 3290 1878 3341 Galbae
1912 3289 2248 3355 praedixerit3
2295 3305 2388 3341 cur
2410 3298 2468 3341 et

1399 3371 1559 3419 Catta
1592 3367 1799 3418 foemina
1823 3368 1960 3417 idem
1985 3367 2203 3417 Vitellio
2228 3383 2466 3433 praenun-

1397 3447 1561 3509 tiarit,
1583 3453 1638 3496 et
1662 3446 1829 3495 altera
1860 3458 1999 3507 mox,
2022 3459 2139 3509 quae
2163 3444 2368 3495 Druida
2389 3445 2467 3495 di·

1397 3522 1556 3582 citur,
1605 3521 1951 3571 Diocletiano.
2020 3521 2125 3569 Cur
2163 3527 2218 3569 et
2253 3518 2467 3572 foemina

1396 3600 1537 3658 olim,
1560 3598 1706 3663 quasi
1741 3598 1920 3647 divino
1959 3594 2133 3645 furore
2167 3598 2386 3660 percita,
2411 3604 2468 3649 et

1395 3674 1541 3723 velut
1564 3678 1715 3721 extra
1739 3688 1795 3722 se
1818 3673 2009 3736 posita,
2031 3679 2307 3736 menteque
2329 3687 2466 3723 com-

1397 3756 1557 3809 mota,
1619 3748 1943 3798 admonuerit
1988 3748 2343 3798 Alexandrum
2398 3747 2468 3797 de

1398 3827 1757 3891 conjuratione
1777 3833 1833 3876 et
1856 3827 2085 3891 periculo
2110 3826 2466 3891 impendente,

1399 3903 1540 3967 apud
1583 3903 1835 3953 Curtium.
1901 3902 2041 3952 Hinc
2085 3911 2141 3952 et
2183 3900 2320 3951 forte
2353 3899 2466 3949 Nu·

1400 3978 1539 4026 mina
1573 3978 1697 4038 visa,
1736 3985 1827 4028 aut
1863 3977 2083 4027 credita.
2151 3976 2290 4025 Hinc
2325 3972 2465 4025 forte

1400 4054 1610 4118 phasma
1666 4054 1794 4104 illud
1855 4052 2269 4112 Adrumetinum,
2326 4049 2465 4124 qnod

1400 4131 1575 4195 specie
1597 4132 1820 4180 humana
1849 4131 2002 4191 longe
2024 4127 2209 4189 majus,
2229 4124 2324 4174 sub
2357 4137 2465 4194 me?

1400 4208 1584 4258 ridiem
1604 4208 1769 4257 visum
1786 4206 1966 4257 Curtio
1982 4200 2138 4265 Rufo,
2156 4202 2203 4250 ei
2221 4200 2467 4263 praedixit

1400 4285 1634 4335 Romano
1676 4295 1910 4334 sermone
1944 4278 2363 4344 proconsulatum
2391 4278 2464 4330 A·
