3000 4859
475 368 651 436 3468

1189 384 1255 432 0.
1302 381 1668 432 commun
1716 382 1974 430 TAcrrl

478 529 684 594 dictio
711 535 977 592 secura¹²
1004 532 1072 591 et
1097 527 1420 603 obtusior,
1453 546 1535 590 ac
1564 526 1757 610 plura
1777 545 1972 590 manu
2001 544 2226 608 agens,
2250 524 2695 590 calliditatem

476 631 631 694 fori*
669 649 802 693 non
838 637 1174 693 exerceat.

1262 626 1580 709 Agricola
1626 626 1907 691 naturali
1957 626 2332 710 prudentia,
2364 628 2687 709 quamvis

476 779 641 841 mixis,
659 784 705 829 et
726 780 880 828 uanus
896 785 1090 842 arguta,
1120 795 1176 828 ac
1193 782 1436 842 plerasque
1455 794 1531 828 res
1550 780 1599 828 υἱ
1621 785 1703 834 ruet
1726 778 1902 842 impetu
1920 792 2108 839 gerens,
2129 774 2443 826 subtilitatem
2453 773 2689 834 sorim

477 849 686 908 usurpet.
746 845 974 906 Agricola
994 845 1210 906 ingenim
1229 845 1441 907 solertim
1464 844 1573 894 licet
1596 845 1721 892 inter
1740 848 1947 906 togatos,
1970 842 2189 904 expedite
2205 845 2251 889 et
2260 841 2394 900 juste
2415 855 2494 889 res
2508 841 2695 890 transir-

1466 994 1679 1045 NOTAE

478 1113 910 1178 interpretatione
947 1117 1196 1168 audacter
1239 1126 1435 1169 rectum
1463 1118 1538 1169 fa-

480 1192 625 1240 ciunt
665 1190 798 1255 quod
832 1190 1036 1241 libitum
1072 1201 1167 1243 est.
1235 1195 1374 1245 Hinc
1401 1194 1541 1259 apud

478 1265 703 1317 Tertull.
731 1266 797 1316 de
839 1267 1026 1329 Pallio,
1045 1271 1061 1295 ‘
1088 1269 1201 1332 plus
1227 1278 1362 1334 togae
1387 1271 1542 1318 Rem-

478 1340 602 1406 pub.
639 1341 856 1404 laedunt,
881 1357 1032 1406 quam
1067 1344 1275 1408 lorica-..1
1337 1345 1542 1393 Sensim

479 1431 576 1481 pro
599 1417 777 1466 babitu
813 1419 1037 1481 ingenuo
1078 1419 1238 1469 infert
1277 1436 1332 1471 se
1369 1435 1542 1484 perso·

479 1501 604 1542 nata
643 1494 903 1557 gravitas3
940 1495 1051 1543 loco
1083 1497 1376 1558 prudentias
1400 1496 1544 1545 calli-

480 1569 645 1632 ditas3
680 1571 962 1635 multaeque
999 1578 1136 1621 artes
1159 1572 1544 1622 inextricabiles

480 1647 732 1707 invasere,
785 1649 968 1711 quibus
1027 1650 1186 1699 omnis
1241 1649 1545 1713 simplicitas

480 1722 739 1773 abdicata.
809 1725 974 1775 Qunam
1002 1724 1229 1788 optanda
1265 1740 1377 1789 prae
1398 1725 1547 1773 mise·

483 1798 553 1848 ris
576 1800 774 1849 artibus
810 1800 1042 1863 dolisque
1067 1808 1122 1850 et
1159 1801 1358 1849 insidiis
1397 1800 1545 1849 rabu-

481 1874 675 1934 larum3
729 1889 789 1923 ac
842 1882 1195 1926 veteratorum
1241 1877 1547 1941 simplicitas

480 1949 719 2000 militaris
753 1951 805 1999 in
844 1953 1059 2014 praeside
1098 1961 1151 2002 et
1185 1960 1386 2002 rectore
1428 1966 1547 2017 pro-

481 2026 683 2088 vinciae,
703 2027 856 2088 longe
877 2028 1059 2076 melior
1082 2034 1137 2076 et
1155 2027 1549 2077 desiderabilior

480 2099 572 2149 illa
592 2114 804 2148 avorum
829 2103 1151 2164 simplicitas,
1176 2117 1328 2166 quam
1349 2102 1546 2150 callidi·

483 2183 562 2225 tas
585 2175 676 2224 illa
698 2173 798 2223 fori
821 2191 834 2235 ;
858 2191 1008 2239 quam
1033 2179 1279 2226 immensa
1301 2192 1364 2227 ea
1385 2179 1547 2226 series

481 2251 669 2313 litium,
706 2251 890 2315 quibus
928 2266 1098 2316 neque
1145 2261 1256 2302 toto
1300 2267 1412 2302 aevo
1456 2258 1547 2302 aut

482 2327 675 2378 saeculo
723 2328 1047 2378 extricantur
1091 2327 1320 2390 familiae‚
1363 2329 1547 2394 qulbus

482 2402 852 2452 subvertantur
884 2409 940 2453 et
978 2405 1350 2468 opulentissimi
1392 2419 1549 2469 pena-

481 2484 579 2527 tes.
627 2476 837 2527 Redeat
861 2479 1100 2542 antiquus
1139 2494 1246 2529 mos
1283 2486 1340 2529 et
1378 2480 1551 2544 prisca

483 2554 647 2603 virtus
669 2555 791 2604 illa:
827 2569 926 2605 nec
954 2557 1063 2619 jam
1085 2570 1139 2604 se
1174 2556 1342 2605 trudat
1366 2557 1452 2604 uni
1473 2556 1552 2605 illi

484 2635 586 2683 arti
599 2636 864 2697 juventus,
896 2650 1011 2699 quae
1049 2637 1287 2685 inertiam
1321 2636 1550 2685 simulet

482 2710 767 2774 perniciem
809 2710 1003 2759 invehit
1047 2712 1366 2776 mortalibus,
1402 2711 1549 2777 quasi

481 2785 620 2836 ferro
654 2785 817 2834 minus
847 2785 1034 2835 callide
1067 2788 1434 2837 abscindantur
1454 2787 1550 2836 ini·

485 2861 716 2923 micitiae,
752 2860 872 2911 dum
903 2863 1058 2912 modo
1090 2864 1320 2914 breviter
1355 2863 1551 2914 abscin-

487 2939 697 2991 dantur.
733 2939 799 2989 Et
815 2941 972 3005 siqua
991 2939 1127 2991 forte
1146 2936 1306 2991 fuei'it
1320 2944 1552 3006 jactura,

485 3017 705 3066 multum
743 3023 918 3065 tamen
959 3015 1080 3065 bine
1124 3018 1408 3067 lucrabitur
1445 3031 1550 3066 res-

487 3091 610 3155 pub.
634 3098 688 3139 et
711 3092 843 3154 quod
866 3092 1076 3154 privatis
1097 3093 1308 3156 peribit,
1326 3092 1550 3142 feliciter

486 3167 704 3216 utilitate
738 3166 924 3229 publicu
952 3170 1248 3229 rependetur.
1307 3170 1553 3218 Flectaut

487 3242 685 3291 nobiles
716 3249 772 3290 et
804 3241 993 3290 divites
1016 3243 1080 3290 ad
1105 3259 1354 3292 summum
1378 3244 1554 3306 decus,

489 3325 547 3365 et
579 3318 718 3380 pacis
751 3326 888 3365 artes
929 3317 1066 3366 bello
1090 3317 1311 3367 vicissim
1337 3325 1555 3382 nument,

490 3390 565 3441 ita
589 3400 643 3439 ut
669 3406 836 3456 neque
876 3406 1082 3454 prorsus
1120 3393 1171 3440 in
1206 3401 1468 3458 torporem
1500 3404 1554 3445 et

489 3468 760 3533 segnitiem
788 3468 1130 3530 resolvantur,
1158 3482 1326 3533 neque
1348 3484 1556 3534 prorsus

492 3543 692 3595 militias
730 3542 976 3593 ferociam
1018 3554 1074 3594 et
1115 3547 1440 3596 atrocitatem
1483 3547 1557 3595 in-

493 3613 673 3682 duant,
695 3617 806 3668 fere
830 3621 971 3684 quasi
996 3621 1095 3670 ritu
1118 3621 1398 3672 furentium
1423 3623 1557 3673 fera·

495 3709 642 3744 rum:
714 3709 781 3744 ex
829 3705 1044 3760 utraque
1100 3698 1263 3760 gloria
1315 3707 1559 3751 crescant

485 3774 725 3838 Juvenes,
746 3780 805 3821 ut
839 3773 879 3820 si
919 3771 1056 3821 forte
1081 3789 1235 3823 unum
1262 3790 1446 3825 numen
1471 3777 1558 3825 ab.

495 3850 583 3911 sit,
606 3849 826 3898 alterum
849 3848 1064 3911 adjuvet
1087 3857 1140 3897 et
1165 3848 1436 3900 suffulciat.
1482 3853 1558 3900 Ut

498 3923 717 3974 Romani
735 3934 1019 3985 senatores,
1037 3925 1204 3974 sciant
1221 3926 1295 3974 illi
1315 3929 1389 3976 uti
1414 3942 1557 3991 sago,

495 3999 757 4050 sciantet
794 4010 945 4064 toga:
984 4014 1083 4048 non
1117 4001 1428 4050 exhorreant
1451 4003 1557 4065 gia—

495 4073 635 4125 dium
672 4083 728 4126 et
760 4077 1197 4142 paludamentum.
1267 4078 1383 4126 Non
1404 4078 1558 4126 aliter

499 4152 726 4218 perfecti
742 4153 1064 4203 consultores
1086 4158 1177 4200 ant
1202 4151 1421 4215 Reipub.
1433 4157 1559 4203 *ree-

500 4235 641 4280 tores
667 4229 928 4280 evadent:
964 4243 1030 4278 ex
1061 4235 1282 4295 utroque
1313 4229 1562 4280 coalescit

1619 1133 1813 1168 summa
1839 1117 2020 1177 virtus,
2039 1128 2234 1163 summa
2256 1111 2534 1176 sapientia,
2554 1125 2692 1159 sum·

1621 1194 1905 1256 magloria.
1928 1211 1937 1216 ·
1960 1191 2212 1240 Pindarus
2243 1189 2459 1252 Olymp.
2497 1187 2604 1237 od.
2636 1190 2692 1236 6.

1620 1270 1635 1296 ⁴
1678 1269 1935 1317 Desidere
1991 1267 2092 1315 mei
2162 1267 2424 1315 exercitus
2481 1264 2691 1313 oculum

1623 1345 1932 1407 Utrumque,
1974 1351 2253 1405 vatemque
2292 1340 2581 1404 egregium,
2616 1339 2694 1388 Et

1621 1419 1685 1467 ad
1705 1418 2032 1481 pugnandum
2051 1416 2235 1466 hasta.’
2271 1415 2428 1465 ovid.
2447 1414 2513 1464 de
2531 1416 2693 1465 Pont.

1622 1499 1671 1544 8.
1710 1497 1726 1524 ‘
1756 1496 1890 1544 Nam
1919 1493 2071 1544 modo
2102 1494 2240 1542 bella
2274 1493 2427 1556 geris,
2466 1491 2695 1541 numeris

1622 1572 1776 1621 modo
1815 1571 1970 1620 verba
2008 1570 2261 1630 coerce&
2295 1568 2551 1633 Quodque
2576 1566 2695 1616 aliis

1622 1660 1751 1712 opus
1773 1652 1872 1705 est,
1891 1647 1988 1694 hoc
2016 1646 2110 1694 tibi
2152 1646 2289 1693 lusus
2316 1644 2436 1692 erit.
2508 1643 2694 1707 thue

1622 1737 1720 1772 nec
1743 1721 1805 1772 ad
1829 1723 2095 1782 citharam,
2111 1735 2208 1770 nec
2232 1720 2298 1769 ad
2322 1735 2499 1769 arcum
2521 1719 2697 1783 segnis

1625 1799 1837 1862 Apollo,
1876 1796 1981 1847 Sed
2016 1796 2159 1846 venit
2200 1796 2264 1847 ad
2308 1811 2478 1846 sacras
2501 1811 2698 1845 nervus

1625 1880 1845 1937 uterque
1883 1887 2093 1933 manus3
2137 1873 2225 1920 Sic
2264 1872 2359 1921 tibi
2401 1886 2501 1921 nec
2547 1872 2697 1920 docti

1626 1948 1832 2008 desunt,
1874 1962 1970 1997 nec
2013 1949 2261 2012 principis
2300 1955 2473 2008 artes3
2529 1948 2701 1997 Mista

1627 2025 1720 2075 sed
1745 2031 1826 2074 est
1850 2025 2017 2073 auimo
2054 2038 2169 2073 cum
2201 2023 2333 2075 Jove
2371 2023 2527 2073 Musa
2562 2023 2698 2084 tuo,’

1628 2101 1796 2148 Prout
1834 2113 1942 2148 sors
1978 2100 2227 2163 jusserat,
2272 2099 2490 2147 Romani
2544 2105 2702 2147 erant

1628 2175 1933 2239 pretextati
1970 2181 2059 2223 aut
2105 2175 2370 2237 paludati:
2440 2183 2496 2222 et
2554 2182 2696 2223 teste

1626 2252 1816 2314 Vrget.
1848 2251 1884 2299 Ι.
1924 2265 1964 2299 1.
1991 2255 2041 2300 3.
2079 2255 2095 2280 ‘
2120 2251 2266 2300 Idem
2292 2251 2532 2310 bellator,
2555 2250 2697 2299 idem

1628 2328 1885 2392 agricola:
1923 2341 2114 2391 genera
2143 2333 2338 2376 tantum
2360 2326 2599 2375 mutabat
2619 2340 2699 2374 ar·

1629 2403 1860 2453 morum?
1913 2404 1976 2453 lu
2011 2404 2208 2467 Paneg.
2246 2404 2371 2453 Luc.
2396 2406 2411 2430 ‘
2435 2404 2544 2454 Qui
2568 2411 2701 2452 tern-

1631 2494 1757 2544 pora
1774 2479 1936 2529 certis
1955 2479 2281 2528 Ponderibus
2298 2478 2557 2542 pensavit,
2581 2492 2698 2528 eum

1628 2557 1672 2605 si
1693 2557 1830 2605 bella
1853 2555 2132 2617 vocabunt,
2168 2555 2321 2604 Miles
2339 2556 2467 2604 erit:
2509 2556 2553 2604 si
2571 2570 2698 2620 pax,

1626 2635 1812 2698 positis
1835 2641 1954 2698 toga
1978 2634 2166 2683 vestiet
2186 2633 2338 2683 armis
2358 2650 2372 2693 ;
2407 2632 2563 2681 Hunc
2582 2632 2699 2682 fora

1631 2717 1891 2773 pacatum,
1916 2709 2194 2759 bellantem
2217 2715 2393 2759 castra
2407 2707 2699 2759 videbunt?

1630 2787 1859 2852 Respice
1894 2787 2112 2850 Drusos,
2133 2786 2493 2848 Germanicos,
2532 2792 2590 2834 et
2622 2785 2701 2850 ip·

1629 2879 1713 2914 sos
1766 2865 1999 2914 Caesares
2072 2863 2363 2926 primosque
2420 2860 2704 2925 principes,

1629 2939 1828 2989 videbis
1859 2954 2053 2987 summa
2076 2938 2384 3003 eloquentiae
2421 2937 2577 2987 laude
2607 2936 2702 2989 flo-

1631 3017 1809 3080 ruisse,
1828 3031 1925 3066 nec
1964 3015 2243 3078 indiguisse
2279 3016 2485 3080 ingenio
2508 3015 2703 3080 alienu,

1631 3095 1675 3144 si
1714 3096 1976 3144 Neronem
2011 3093 2248 3156 excipis;
2283 3093 2369 3157 qui
2396 3100 2454 3142 ut
2477 3093 2529 3142 in
2561 3099 2707 3142 cete-

1632 3171 1719 3232 ris,
1745 3170 1822 3218 ita
1844 3179 1900 3219 et
1922 3171 2016 3219 bac
2041 3176 2188 3233 parte
2213 3169 2460 3233 deterior,
2491 3177 2549 3219 et
2587 3168 2709 3218 ulti-

1633 3261 1743 3296 mus
1787 3245 2085 3296 AEneadum.
2159 3245 2313 3307 Vide,
2351 3246 2477 3310 quid
2519 3253 2707 3312 ageret

1634 3322 1802 3370 Varus
1841 3322 1892 3370 iu
1924 3321 2097 3371 Gallia
2126 3321 2535 3386 Germaniaque,
2561 3327 2707 3386 post·

1636 3411 1789 3461 quam
1845 3395 2008 3460 Syriae
2052 3394 2366 3459 praefuisset.
2434 3397 2564 3446 Fato
2611 3412 2707 3447 suo

1636 3471 1843 3537 quidem
1882 3478 1940 3520 et
1972 3471 2021 3519 vi
2060 3470 2280 3521 Arminii
2300 3471 2554 3534 abreptus
2582 3481 2707 3533 est;

1638 3555 1692 3596 at
1729 3559 1829 3594 non
1870 3546 1921 3594 in
1962 3560 2121 3595 causa
2157 3548 2298 3610 pacis
2339 3555 2479 3597 artes
2518 3558 2607 3598 aut
2631 3548 2710 3598 fo-

1637 3635 1769 3669 rum.
1835 3619 1999 3669 Immo
2040 3627 2095 3669 et
2133 3620 2278 3672 bona·
2315 3630 2454 3672 artes
2488 3623 2709 3674 consilia

1635 3704 1938 3761 suggerunt,
1958 3696 2142 3760 quibus
2166 3695 2402 3747 fraudem
2417 3714 2629 3760 cavere,
2648 3707 2710 3749 et

1636 3773 1847 3823 insidias
1870 3774 2088 3822 hostium
2111 3781 2348 3838 retegere
2373 3777 2555 3837 possis.

1702 3857 1725 3882 ¹¹
1761 3851 2029 3898 Castrensis
2050 3849 2328 3909 jurisdictio
2371 3850 2561 3914 secum]
2617 3851 2709 3901 Se·

1637 3940 1780 3975 cura.-
1838 3924 1951 3974 scil.
1992 3940 2054 3973 ea
2096 3926 2261 3973 minus
2299 3926 2456 3974 anxia
2497 3934 2556 3975 et
2586 3926 2711 3975 soli·

1637 4000 1762 4061 cita,
1778 4013 1943 4063 neque
1959 4000 2069 4062 ipsa
2087 4002 2455 4062 μικρολαγοΰσα,
2471 4000 2526 4049 in
2548 4001 2714 4066 apici·

1644 4076 1754 4137 bus,
1798 4076 2046 4139 nodisque
2083 4083 2138 4124 et
2178 4075 2541 4138 aenigmatibus
2569 4090 2713 4125 eom·

1639 4152 1871 4201 menticii
1882 4151 2036 4215 juris.
2106 4151 2393 4200 Gronovius.

1704 4234 1727 4260 v
1762 4226 2086 4278 calliditatem
2117 4226 2249 4289 sorr]
2303 4227 2610 4278 Praesertim
2648 4228 2707 4277 in
