3000 4859
516 382 692 450 3444

596 544 660 609 3.
732 540 934 608 Nunc
988 541 1249 607 demum
1305 541 1476 608 redit
1534 542 1821 607 animus:
1898 548 1992 605 et¹
2045 559 2451 626 quanquam,
2494 542 2708 626 primo

512 647 739 714 statim
767 645 1142 710 beatissimi
1170 645 1404 710 saeculi
1447 649 1616 724 ortu,
1650 642 1882 709 Nerva
1911 642 2146 710 Caesar
2170 664 2274 709 res
2303 645 2464 709 olim
2493 645 2711 710 disso-

513 748 793 813 ciabiles
848 746 1208 824 miscuerit,
1268 745 1726 828 Principatum
1782 764 1865 810 ac
1909 745 2293 824 libertatem,
2340 752 2709 830 augeatque

512 849 805 933 quotidie
847 847 1254 912 felicitatem²
1269 854 1295 882 ⁸
1346 846 1621 931 Imperii
1672 845 1901 911 Nerva
1942 847 2299 932 Trajanus,
2347 867 2473 914 nec
2526 868 2708 932 spem

1263 397 1330 448 θ.
1377 397 1743 448 CORNELII
1791 398 2047 448 'raom

579 1033 723 1081 Nunc
742 1032 932 1080 tandem
951 1028 1156 1093 respirat
1177 1029 1399 1089 aninum
1428 1033 1477 1077 et
1512 1029 1741 1104 quanvis,
1775 1027 1927 1092 prino
1956 1028 2121 1102 statim
2145 1026 2441 1087 felicissime
2460 1027 2624 1077 etatis
2645 1029 2713 1077 ia·-

510 1096 621 1156 itio,
654 1096 817 1145 Nerva
842 1097 1006 1144 cm
1025 1108 1102 1143 res
1122 1094 1388 1157 antiquitus
1406 1093 1619 1153 infensas
1635 1093 1904 1154 manerii,
1934 1091 2181 1155 imperium
2200 1096 2340 1155 atque
2361 1090 2648 1153 libe-wem,
2662 1097 2709 1142 et

513 1132 717 1225 Reipub.
737 1160 1098 1224 prosperitatem
1117 1164 1292 1221 augeat
1313 1158 1366 1207 in
1385 1157 1487 1207 dies
1512 1158 1675 1208 Nerua
1693 1157 1939 1218 Ἠηὶαιιυ,
1975 1161 2024 1205 et
2042 1156 2151 1218 ‚iam
2171 1155 2496 1220 tranquillitas
2505 1156 2710 1220 publica,

1429 1291 1791 1314 OmOmOON

578 1382 608 1427 1
641 1377 854 1441 Bipont.
892 1375 1171 1426 emendant
1206 1376 1419 1430 animm.-
1448 1378 1577 1427 sed..
1583 1377 1825 1426 ..Verum
1867 1380 1916 1425 et
1955 1388 2098 1450 sepe
2134 1373 2273 1438 apud
2317 1371 2551 1424 nostrum
2574 1374 2708 1425 idem

512 1442 674 1492 valet.
744 1441 1001 1490 Olmie-2
1035 1440 1120 1490 Ita
1141 1447 1344 1489 veteres
1368 1441 1502 1491 Edd.
1528 1441 1744 1506 aliaeque
1762 1453 1913 1505 quam
1955 1438 2208 1502 plurimae.
2278 1439 2391 1488 Nec
2402 1437 2715 1502 facilitatem,

512 1511 576 1555 ut
597 1506 671 1554 ait
694 1505 774 1554 Cl.
799 1506 1064 1567 Ernestus,
1086 1505 1177 1553 sed
1201 1504 1487 1565 felicitatem
1522 1506 1684 1555 habet
1707 1505 2037 1555 Puteolanus.
2095 1502 2395 1552 facilitatem
2416 1503 2712 1553 emendavit

513 1569 830 1631 Beroaldus3
863 1583 1015 1633 quem
1045 1539 1255 1633 quidam
1291 1575 1413 1619 suut
1450 1570 1637 1620 secuti.
1703 1569 1999 1634 Utrumque
2036 1581 2141 1617 non
2176 1567 2503 1618 incommodo
2539 1581 2706 1618 sensu.

1501 1705 1718 1757 Nom-3

513 1801 654 1856 Quid
672 1810 795 1853 tunc
814 1800 944 1852 disci
962 1802 1166 1866 potuit?
1188 1802 1312 1867 quid
1331 1801 1575 1852 didicisse
1654 1801 1898 1852 Felicitas
1920 1800 2120 1865 imperii
2141 1798 2302 1850 habet
2319 1799 2634 1862 facilitatem,
2656 1805 2711 1850 et

501 1877 664 1944 juvit,
733 1894 852 1929 cum
894 1885 1123 1943 senatus,
1165 1885 1255 1929 aut
1298 1878 1364 1928 ad
1410 1879 1575 1929 otium

511 1969 782 2018 summum,
815 1961 905 2005 aut
944 1955 1011 2005 ad
1048 1969 1297 2008 summum
1320 1952 1466 2004 nefas
1488 1969 1574 2003 vo·

511 2038 737 2094 caretur,
758 2040 814 2081 et
837 2032 989 2081 modo
1027 2031 1270 2096 ludibrio,
1302 2032 1453 2081 modo
1486 2032 1576 2080 do·

511 2105 610 2155 lori
633 2113 887 2168 retentus,
924 2121 1184 2171 nunqnam
1216 2107 1371 2170 seria,
1405 2107 1577 2157 tristia

511 2194 649 2244 saepe
674 2182 942 2231 censeret?
975 2182 1170 2231 Eadem
1193 2183 1329 2233 mala
1359 2183 1471 2246 jam
1496 2197 1575 2232 se-

510 2262 739 2318 natores,
744 2257 853 2321 jam
871 2258 1150 2321 participes
1167 2259 1434 2322 malorum,
1449 2261 1574 2309 mul·

511 2337 593 2381 tos
638 2347 733 2396 per
770 2348 927 2383 annos
965 2333 1184 2384 vidimus
1225 2335 1570 2401 tulimusque3

511 2408 696 2473 quibus
740 2410 946 2473 ingenia
986 2416 1164 2460 nostra
1208 2410 1260 2459 in
1305 2419 1571 2476 posterum

511 2499 714 2549 quoqne
779 2485 1045 2548 hebetata,
1095 2484 1284 2549 fracta,

510 2564 668 2608 suut?

575 2642 599 2668 ⁸
618 2637 894 2698 Augeatque
907 2636 1420 2701 quotidieselicitatem]
1441 2637 1476 2689 J
1480 2655 1570 2689 ux-

510 2715 569 2760 ta
609 2712 888 2774 venetum,
929 2711 988 2759 τὺ
1017 2710 1303 2771 felicitatem
1345 2715 1570 2777 praetuli.

509 2786 738 2838 Pit-liena.

577 2862 801 2913 Omnino
824 2863 1103 2928 scripserat
1122 2864 1330 2915 Tacitus
1348 2865 1570 2926 facilita-

1353 2493 1571 2538 contusa

508 2944 623 2990 tem.
685 2940 888 3005 Aperte
910 2940 975 2990 ad
996 2941 1206 3005 Trajani
1221 2942 1571 3005 simplicitatem

507 3031 688 3065 morum
712 3016 914 3079 alludit,
936 3032 1086 3081 quam
1122 3017 1170 3065 ei
1211 3017 1445 3066 tribuunt
1468 3032 1573 3067 om-

507 3105 602 3140 nes
639 3092 898 3141 historici:
951 3097 1126 3156 potest
1159 3101 1214 3142 et
1233 3090 1450 3151 facilitas
1468 3094 1572 3142 ista

509 3165 577 3215 de
594 3167 796 3230 imperii
815 3166 977 3230 ipsius
996 3165 1369 3232 tranquillitate
1387 3168 1569 3231 accipi.

514 3239 721 3290 Celer-us.

577 3317 880 3367 facilitatem
899 3318 1089 3382 imperii
1112 3318 1339 3382 scripsit,
1356 3320 1479 3384 quia
1499 3318 1567 3369 de

508 3390 752 3441 mistione
808 3395 1132 3457 principatus
1196 3409 1257 3443 ac
1309 3394 1568 3447 libertatis

508 3468 852 3529 praemiserat.
918 3469 1178 3519 Acidalius.

574 3541 806 3591 Facilitas
847 3543 1035 3607 imperii
1077 3545 1298 3595 maxime
1340 3547 1570 3597 cernitur

511 3615 564 3665 in
585 3629 670 3676 eo,
692 3617 733 3666 si
757 3620 995 3682 princeps
1031 3636 1129 3670 non
1156 3623 1220 3671 ad
1245 3639 1392 3673 suum
1417 3625 1568 3674 unius

506 3700 688 3743 nutum
728 3702 782 3743 et
816 3696 1085 3745 arbitrium
1119 3699 1286 3748 omnia
1314 3707 1562 3760 revocet3

509 3770 600 3820 sed
619 3778 808 3821 etcum
826 3774 1013 3822 ceteris
1035 3775 1402 3838 rempublicam
1429 3790 1566 3825 com·

507 3847 754 3911 municet,
775 3847 1005 3912 adeoque
1046 3849 1297 3898 infinitam
1339 3857 1566 3914 potesta-

508 3927 616 3972 tem
651 3938 711 3973 ac
745 3924 958 3974 liberam
994 3924 1288 3986 restringat,
1322 3941 1382 3974 ac
1408 3926 1567 3974 veluti

508 4000 564 4050 in
587 4000 818 4051 ordinem
839 4008 1008 4066 cogat.
1083 4001 1370 4063 Vir—dangu.

572 4075 764 4139 Augeat
804 4078 1009 4140 quotidie
1036 4076 1324 4138 facilitatem
1355 4078 1569 4144 imperii]

510 4149 717 4216 Legunt
725 4153 1026 4214 felicitatem.
1066 4153 1168 4203 Sed
1190 4153 1465 4203 discrimen
1486 4164 1569 4206 est

511 4226 648 4280 inter
672 4229 960 4290 felicitatem
981 4230 1335 4292 etfacilitatem
1366 4229 1570 4296 imperii.

1652 1879 1816 1927 multa
1838 1878 1940 1926 alia
1961 1876 2094 1927 bona
2115 1883 2376 1939 praeterea
2397 1877 2652 1926 continet.

1721 1955 1950 2005 Facilitas
1985 1953 2195 2024 imperii,
2233 1951 2299 2002 de
2320 1967 2421 2018 qua
2453 1951 2536 2002 hic
2558 1951 2709 2003 Taci-

1654 2036 1756 2094 tus,
1778 2039 1920 2080 recte
1959 2030 2255 2095 explicatur
2292 2035 2349 2079 et
2384 2030 2525 2079 clare
2554 2028 2632 2078 his
2656 2046 2708 2079 a·

1649 2108 1733 2158 liis
1769 2109 1940 2159 Taciti
1977 2108 2179 2169 verbis3
2213 2115 2271 2158 et
2306 2108 2433 2158 licet
2467 2107 2533 2157 de
2559 2107 2709 2172 Agri·

1652 2186 1767 2236 cola
1787 2186 1898 2250 ipso
1921 2177 2128 2250 prolata
2164 2185 2270 2234 sint
2299 2183 2480 2249 Agric.
2518 2189 2598 2234 19.
2633 2192 2708 2235 at·

1652 2270 1825 2312 tamen
1844 2263 2042 2327 optimo
2059 2261 2559 2328 prudentissimoque
2575 2262 2711 2324 prin·

1650 2340 1758 2403 cipi
1803 2340 2022 2388 maxime
2060 2338 2406 2388 conveniunt:
2465 2335 2483 2365 ‘
2522 2336 2710 2386 Omnia

1650 2417 1807 2480 scire,
1835 2431 1936 2466 non
1960 2416 2131 2466 omnia
2153 2415 2343 2481 exequi
2373 2413 2452 2477 [id
2475 2424 2573 2477 est,
2593 2429 2708 2478 per·

1648 2494 1815 2558 sequi,
1832 2506 1921 2542 seu
1944 2490 2261 2554 vindicat-eh
2285 2490 2459 2555 parvis
2483 2490 2710 2554 peccatis

1649 2570 1870 2631 veniam,
1908 2568 2103 2632 magnis
2131 2567 2461 2617 severitatem
2494 2581 2709 2615 commo-

1649 2645 1800 2705 dare3
1832 2659 1932 2694 nec
1966 2658 2118 2709 poeua
2155 2657 2378 2708 semper,
2401 2642 2492 2692 sed
2518 2643 2706 2707 saepins

1649 2720 1958 2785 poenitentia
1975 2725 2250 2769 contentus
2271 2724 2421 2769 esse.'

1713 2797 1784 2845 Et
1804 2803 1950 2846 certe
1973 2796 2191 2856 facilitas
2221 2796 2272 2844 in
2305 2795 2539 2859 principe
2570 2793 2708 2845 idem

1649 2877 1732 2921 est
1750 2887 1812 2921 ac
1834 2871 2022 2921 lenitas
2045 2879 2101 2921 et
2122 2871 2462 2935 indulgentia,
2482 2885 2572 2920 seu
2609 2871 2708 2921 ole-

1651 2948 1873 3017 mentia3
1908 2948 2044 3013 quod
2069 2954 2211 2998 recte
2246 2948 2506 3011 expressit
2536 2945 2708 2996 Bonfi·

1649 3024 1764 3073 nius
1789 3039 1863 3074 ιν.
1890 3025 1941 3073 in
1963 3026 2197 3076 oratione
2221 3026 2256 3077 J
2261 3027 2440 3076 oannis
2475 3026 2712 3089 Trausyl-

1652 3099 1819 3150 vaniae
1851 3101 2099 3151 Vaivodae
2122 3101 2187 3150 ad
2208 3102 2460 3151 Mathiam
2484 3103 2703 3165 primum

1653 3176 1937 3240 Hungariae
1976 3191 2184 3239 regem:
2235 3178 2250 3205 ‘
2278 3177 2434 3226 Nulla
2475 3178 2529 3226 in
2569 3178 2712 3241 regia

1647 3252 1927 3316 majestate
1960 3252 2123 3302 virtus
2167 3253 2281 3317 plus
2312 3252 2581 3315 diguitatis
2618 3253 2735 3306 ha·.

1649 3328 1759 3391 bet,
1777 3344 1931 3393 quam
1953 3329 2067 3393 ipsa
2087 3328 2385 3391 clementia3
2410 3344 2513 3393 qua
2530 3329 2707 3379 Deum
2724 3383 2733 3390 ‚

1647 3418 1798 3466 reges
1822 3404 2030 3469 propius
2062 3405 2336 3455 accedunt.
2403 3404 2543 3457 Quid
2569 3405 2707 3453 enim

1647 3481 1812 3544 magis
1855 3482 2053 3545 regium
2090 3488 2189 3544 est,
2211 3496 2365 3546 quam
2402 3481 2610 3531 vincere
2651 3494 2706 3530 sc

1647 3556 1833 3620 ipsum,
1850 3572 2065 3620 parcere
2081 3557 2520 3621 supplicantibus;
2555 3564 2610 3606 et
2632 3572 2710 3606 er·

1648 3641 1767 3684 rata
1788 3634 2097 3697 mortalium,
2113 3649 2228 3683 cum
2250 3641 2363 3683 tuto
2381 3632 2493 3682 fieri
2514 3638 2707 3696 potest,

1646 3703 1897 3762 facilitate
1922 3711 2114 3776 potius,
2128 3727 2281 3778 quam
2297 3712 2575 3762 severitate
2598 3710 2705 3760 vin·

1643 3787 1816 3837 dicare
1832 3787 1867 3836 ?'

1709 3864 1990 3929 Inscriptio
2027 3873 2200 3916 tamen
2243 3864 2380 3928 apud
2421 3865 2703 3916 Gruterum

1648 3956 1766 4005 pag.
1788 3946 1900 3991 229.
1924 3942 2137 4005 legitur:
2176 3954 2422 3995 ausano.
2459 3954 2575 3991 suu
2610 3935 2704 3993 sake

1648 4030 1790 4066 cunr.
1834 4030 2130 4068 teutonas.
2177 4030 2334 4068 onnr.
2375 4030 2735 4070 ‘manunt-2

1649 4107 1963 4144 sucronem.
1986 4106 2196 4145 Entnrr.
2261 4092 2361 4143 Sed
2373 4091 2597 4152 facilitas
2618 4095 2706 4144 im-

1642 4169 1769 4232 perii
1787 4184 1877 4218 seu
1893 4168 2163 4234 principis,
2181 4174 2263 4219 est
2284 4183 2407 4220 vera
2424 4171 2585 4219 saculi·
2593 4169 2711 4231 feli·

1647 4243 1797 4296 citas.-
1859 4251 1918 4298 et
1952 4245 2092 4298 unde
2128 4244 2353 4312 securitas
2391 4245 2615 4313 publica,
2640 4244 2708 4298 de
