3000 4859
1200 402 1605 452 ntALoGUS.

2322 387 2498 456 &58

1305 632 1518 683 NOTAE

307 738 360 789 iu
384 741 672 791 evolvenda
697 744 1041 808 antiquitate:
1060 749 1159 796 etc.
1224 747 1364 797 Dein

307 828 404 879 per
427 818 616 880 gradus
638 819 868 869 aseendit
884 828 940 871 et
958 823 1078 871 vitia
1099 822 1363 886 sigillatim

304 891 575 944 describit.
663 894 855 958 Arguit
896 896 1162 960 imperitos
1206 896 1364 947 fuisse

297 967 521 1030 juvenes
537 977 835 1020 *ceterarum
860 973 1068 1034 artium,
1089 972 1226 1021 unde
1249 987 1364 1035 pro-

305 1041 423 1092 fluit
462 1051 518 1094 et
554 1047 804 1096 exuberat
836 1048 1150 1112 eloquentia,
1178 1057 1236 1098 et
1254 1051 1364 1099 sine

306 1118 491 1182 quibus
513 1122 691 1172 baberi
713 1137 816 1172 uon
839 1131 1031 1187 potest.

372 1198 390 1225 ⁸
414 1197 479 1246 In
517 1199 694 1261 libris,’
718 1200 905 1263 iuquit,
935 1203 948 1227 ‘
976 1201 1239 1250 Ciceronis
1263 1200 1365 1250 -de-

307 1273 629 1335 prehendere
642 1275 791 1336 licet,
805 1289 910 1325 uon
918 1276 1253 1336 Geometriae‚
1263 1291 1363 1326 nou

311 1348 551 1411 Musica,
573 1365 676 1399 non
705 1352 1075 1413 grammatice,
1099 1366 1197 1401 uon
1225 1353 1364 1401 deui-

311 1436 413 1486 «με
434 1425 583 1474 ullius
616 1426 853 1489 iugenute
873 1427 999 1476 artis
1020 1427 1286 1478 scientiam
1316 1428 1365 1477 ei

309 1497 557 1551 defuisse.
586 1501 685 1551 Ille
706 1502 998 1553 dialectice
1021 1504 1365 1554 subtilitatem

311 1576 628 1638 ...eognoviu
683 1576 768 1627 Ita
783 1592 849 1626 ex
868 1579 1032 1628 multa
1051 1578 1363 1642 eruditione,

309 1663 378 1698 ex
395 1650 629 1712 pluribus
651 1651 865 1715 artibus,
879 1659 935 1702 et
950 1653 1174 1702 omnium
1193 1667 1362 1703 rerum

309 1726 525 1777 scientia
539 1728 770 1778 exundat
781 1737 836 1778 et
847 1729 1099 1779 exuberat
1107 1729 1197 1778 illa
1206 1730 1365 1779 admi·

307 1802 486 1852 rabilis
506 1804 840 1868 eloquentia,'
859 1809 958 1856 διο.
1006 1806 1163 1856 Aliud
1185 1808 1364 1856 vitium

308 1877 466 1927 etiam
505 1881 678 1942 arguit
717 1880 770 1928 in
803 1880 1103 1943 juvenibus.
1179 1886 1195 1910 ⁴
1234 1881 1364 1932 Haec

305 1951 406 2001 sibi
422 1951 498 2002 illi
513 1961 719 2004 veteres
739 1955 1145 2018 persuadebant:
1169 1957 1232 2006 ad
1251 1958 1363 2006 baec

307 2025 580 2078 efficienda
597 2029 960 2092 intelligebant
974 2045 1103 2093 opus
1120 2044 1250 2090 esse,
1263 2047 1362 2082 uon

306 2103 366 2154 ut
382 2104 665 2154 Rhetorum
681 2104 870 2154 sebolis
885 2104 1254 2169 declamarent,
1265 2122 1363 2158 nec

307 2187 368 2230 ut
388 2179 543 2243 fictis,
567 2195 664 2231 nec
699 2182 804 2230 ullo
824 2181 1064 2235 modoad
1089 2183 1360 2233 veritatem

305 2257 674 2308 accedentibus
724 2258 1087 2307 controversiis
1137 2259 1361 2322 linguam

306 2332 460 2382 modo
497 2339 555 2382 et
591 2346 768 2381 vocem
803 2340 1142 2393 exercerent3
1187 2334 1282 2382 sed
1306 2343 1364 2384 ut

301 2410 384 2460 liis
425 2409 623 2459 artibus
677 2416 860 2473 pectus
907 2408 1220 2474 implerent,’
1262 2415 1363 2462 ὅτε.

307 2486 485 2538 Instat
535 2487 550 2516 ‘
573 2487 802 2551 Ideoque
840 2494 897 2536 et
925 2487 1061 2550 juris
1092 2487 1364 2538 scientiam

307 2570 512 2614 veteres
549 2569 781 2612 oratores
819 2564 1363 2626 comprehendebaut3

305 2645 363 2689 et
386 2641 735 2704 grammatica,
766 2634 977 2702 m'usica,
1000 2646 1058 2690 et
1078 2642 1365 2703 geometria

305 2716 863 2781 imbuebantur...quod
906 2718 1037 2767 adeo
1085 2717 1364 2781 negligitur

304 2792 373 2842 ab
412 2793 592 2844 borum
631 2800 917 2855 temporum
955 2793 1181 2856 disertis,
1218 2801 1274 2842 ut
1308 2794 1360 2842 in

307 2869 596 2919 actionibus
631 2883 808 2918 eornm
842 2866 946 2917 faex
981 2883 1183 2933 quoque
1201 2869 1364 2933 quoti-

305 2943 448 2993 diani
462 2943 728 3005 sermonis,
746 2942 884 2992 foeda
900 2957 961 2992 ac
980 2943 1224 3006 pudenda
1239 2943 1366 2992 vitia

306 3016 799 3082 deprehendantur?
837 3021 935 3066 διο.
1008 3018 1108 3066 Hic
1131 3031 1256 3080 ergo
1287 3032 1366 3067 ar-

307 3095 420 3158 guit
429 3094 673 3158 juvenes,
685 3093 934 3151 nutrices,
952 3100 1215 3156 parentes,
1233 3107 1362 3155 prte-

305 3176 565 3233 ceptores,
597 3176 653 3219 et
689 3169 826 3231 ipsos
848 3168 1053 3218 dicendi
1077 3170 1365 3232 magistros,

303 3245 455 3296 simul
487 3252 543 3296 et
580 3246 738 3295 docet
767 3244 892 3308 quid
931 3259 1085 3308 agere
1120 3243 1362 3296 debeant.

304 3321 394 3371 Ita
413 3323 611 3386 pariter
633 3331 688 3370 et
710 3321 761 3369 iu
791 3319 1207 3369 institutionibus
1229 3329 1361 3372 orat.

302 3395 544 3448 informat
568 3399 833 3460 juvenem,
865 3395 1119 3458 iucipiens
1157 3407 1188 3443 a
1218 3397 1362 3445 cunis

304 3477 363 3522 et
382 3471 507 3536 ipsis
531 3472 814 3521 nutricibus
836 3480 893 3519 et
915 3472 1249 3532 mulierculis,
1273 3480 1363 3522 aut

306 3546 622 3611 pedagogis,
660 3548 748 3611 qui
786 3548 919 3595 iutra
960 3548 1167 3596 domum
1207 3547 1361 3598 doce·

306 3623 433 3672 bant
453 3637 640 3686 pueros
657 3639 673 3671 ι
703 3623 827 3678 ,ἀνίη
852 3637 968 3671 mox
992 3624 1203 3673 deducit
1213 3625 1362 3687 juve·

305 3712 424 3748 nem
471 3701 536 3747 ad
573 3699 819 3759 scholam,
866 3707 920 3747 ct
978 3700 1028 3746 in
1084 3698 1270 3762 forum,
1308 3708 1363 3749 ct

304 3774 373 3824 ad
410 3783 666 3824 oratorem
695 3773 836 3822 urbis
868 3775 1364 3836 praestantissimum,

309 3847 462 3914 qu’etn
498 3850 690 3914 saepius
722 3847 896 3902 adeat.
936 3852 1231 3910 comitetur,
1262 3856 1360 3901 &a

306 3926 395 3974 Sic
433 3925 591 3989 igitur
619 3926 708 3973 ille
743 3940 789 3974 c.
828 3928 908 3973 ⁸4.
933 3925 1057 3975 dial.
1089 3930 1104 3952 ‘
1135 3929 1198 3974 Et
1221 3927 1361 3989 apud

305 4002 526 4066 majores
561 4010 762 4050 nostros
787 4001 993 4063 juvenis
1014 4001 1117 4063 ille,
1140 4004 1224 4067 qui
1246 4002 1361 4054 foro

305 4084 361 4126 et
377 4076 687 4141 eloquentia*
708 4076 1002 4137 parabatur,
1019 4076 1242 4125 imbutus
1251 4079 1361 4140 jam

306 4151 593 4202 domestica
614 4151 906 4214 disciplina,
936 4150 1160 4202 refertus
1181 4155 1362 4202 boues·

308 4226 380 4276 tis
395 4227 602 4293 studiis,
631 4225 987 4277 deducebatur
1022 4241 1055 4278 a
1087 4234 1259 4292 patre,
1279 4228 1362 4280 vel

1442 762 1474 796 a
1516 745 1836 814 propinquis,
1866 745 1933 794 ad
1966 757 2085 794 eum
2119 735 2394 807 oratorem,
2413 741 2503 808 qui

1436 823 1728 886 principem
1752 822 1920 870 locum
1944 821 1995 869 in
2018 821 2232 869 civitate
2271 819 2501 868 tenebat.

1447 898 1605 947 Hunc
1645 898 1854 961 sectari,
1892 897 2028 945 bunc
2059 895 2317 959 persequi,
2355 896 2505 958 liujus

1443 974 1679 1023 omnibus
1698 973 2008 1022 dictionibus
2031 972 2306 1031 interesse,
2321 971 2429 1019 sive
2450 971 2503 1018 iu

1435 1048 1672 1111 judiciis,
1687 1049 1797 1097 sive
1818 1048 1872 1095 in
1894 1044 2226 1096 concionibus
2244 1058 2503 1094 assuesce·

1446 1124 1574 1184 bat,’
1586 1129 1683 1173 &a
1696 1139 1745 1172 c.
1758 1127 1839 1172 35.
1862 1124 1877 1150 ‘
1888 1122 1961 1172 At
1973 1136 2109 1171 nunc
2128 1121 2503 1172 adolescentuli

1443 1199 1610 1248 nostri
1632 1198 1959 1247 deducuntur
1988 1199 2039 1246 in
2073 1212 2256 1247 scenas
2278 1198 2504 1247 scholas-

1443 1275 1685 1336 ticorum,
1714 1275 1803 1338 qui
1836 1275 2065 1322 rhetores
2102 1279 2381 1323 vocantur:
2417 1272 2506 1322 de-

1444 1348 1734 1398 ducimur..
1751 1384 1764 1398 .
1778 1350 1830 1398 iu
1852 1350 2070 1411 scholas,
2091 1349 2279 1412 quibus
2301 1363 2404 1398 nou
2426 1347 2502 1399 fa·
2524 1387 2531 1396 ,

1442 1426 1544 1476 cilo
1577 1427 1799 1476 dixerim
1833 1433 2073 1477 utrumne
2103 1427 2246 1476 locus
2278 1427 2408 1490 ipse,
2437 1442 2503 1477 an

1441 1503 1797 1566 condiscipuli,
1816 1518 1879 1551 an
1900 1517 2062 1564 genus
2077 1504 2365 1554 studiorum
2385 1505 2503 1567 plus

1440 1580 1565 1629 mali
1594 1580 1811 1643 ingeniis
1844 1578 2077 1630 afferant.
2146 1580 2280 1629 Nam
2308 1580 2361 1628 in
2385 1580 2502 1630 loco

1441 1657 1569 1706 nihil
1602 1656 1931 1717 reverentia,
1958 1659 2054 1707 dte.
2116 1656 2501 1705 Controversia>

1446 1732 1698 1795 ...quales
1740 1746 1834 1795 per
1867 1730 2044 1791 tidem,
2071 1738 2125 1780 et
2148 1746 2301 1795 quam
2336 1732 2503 1781 iucre-

1443 1807 1675 1856 dibiliter
1707 1807 2028 1867 compositae!
2064 1808 2305 1870 Sequitur
2328 1813 2501 1856 autem

1442 1890 1504 1931 ut
1516 1883 1749 1932 materiae
1763 1882 2062 1932 abhorrenti
2076 1897 2106 1930 a
2124 1882 2341 1931 veritate
2360 1882 2502 1947 [par]

1442 1958 1750 2008 declamatio
1771 1972 1977 2022 quoque
1995 1957 2334 2006 adhibeatur?

1510 2034 1591 2081 En
1629 2033 1774 2096 vitia,
1811 2046 1876 2080 en
1915 2046 2084 2080 causae
2103 2039 2361 2094 corruptae
2398 2033 2504 2081 elo·

1445 2109 1695 2174 quentiae,
1717 2123 1844 2172 quas
1881 2107 2116 2156 similiter
2137 2114 2193 2155 et
2213 2107 2395 2156 eodem
2423 2122 2505 2160 ot·

1442 2183 1563 2234 dine
1607 2199 1669 2234 ac
1711 2183 1864 2233 modo
1919 2183 2091 2245 arguit
2132 2189 2189 2231 et
2231 2180 2504 2247 distinguit

1446 2262 1637 2311 Fabius
1660 2262 1710 2309 iu
1749 2261 1923 2310 Instit.
1961 2260 2218 2321 oratoriis,
2240 2266 2295 2309 et
2316 2259 2500 2324 quibus

1444 2336 1725 2385 remedium
1757 2334 1910 2385 affert
1946 2351 2045 2398 pro
2077 2337 2214 2385 virili
2238 2343 2407 2400 parte,
2426 2337 2502 2386 iu·

1444 2409 1711 2460 formando
1722 2411 1987 2473 juvenem,
2009 2412 2075 2461 ab
2097 2413 2213 2475 ipso
2236 2419 2371 2474 ortu,
2394 2412 2502 2461 exi·

1442 2488 1560 2536 ruiis
1604 2489 1916 2552 eloquentiae
1961 2491 2259 2552 praeceptis.
2368 2491 2499 2541 Quas

1442 2564 1631 2613 similia
1654 2577 1863 2626 prorsus
1886 2565 1995 2627 ipse
2018 2565 2160 2627 leges
2179 2571 2236 2614 et
2255 2578 2501 2626 agnosces

1443 2640 1495 2688 in
1520 2640 1880 2704 sequentibus,
1900 2654 2017 2704 quae
2053 2648 2109 2689 et
2146 2639 2264 2689 ideo
2287 2653 2502 2703 excerp-

1442 2717 1599 2766 simus
1622 2731 1685 2765 ex
1711 2716 1890 2778 Fabio,
1909 2722 1967 2765 ut
1989 2718 2131 2765 clare
2156 2716 2359 2765 taudem
2384 2729 2503 2765 con·

1443 2799 1548 2841 stet
1591 2805 1768 2841 verum
1815 2806 1876 2841 ac
1912 2793 2176 2855 proprium
2215 2792 2341 2842 illud
2382 2806 2499 2841 esse

1443 2868 1749 2924 Quintiliani
1774 2867 1930 2917 decus
1948 2875 2002 2916 et
2020 2882 2165 2930 opus.

1510 2944 1651 3006 Lege
1674 2943 1988 2992 solummodo
2013 2944 2187 2992 titulos
2209 2943 2361 3006 primi
2381 2944 2500 2993 libri

1442 3017 1619 3066 Iustit.
1638 3018 1725 3066 Sic
1748 3032 1788 3066 1.
1811 3020 1889 3066 tit.
1925 3018 1940 3044 ‘
1960 3018 2097 3068 Quid
2122 3018 2263 3066 circa
2284 3017 2501 3081 primam

1443 3093 1593 3156 pueri
1614 3093 1988 3142 institutionem
2011 3091 2386 3155 providendum
2409 3093 2498 3154 sit,

1442 3175 1498 3219 et
1540 3168 1966 3235 quemadmodum
2025 3169 2189 3232 prima
2244 3168 2502 3218 elementa

1442 3245 1693 3296 tradenda
1710 3246 1850 3294 siut.’
1898 3247 1967 3295 Et
1989 3260 2036 3295 c.
2062 3250 2106 3294 t.
2143 3247 2158 3273 ‘
2183 3245 2353 3307 Igitur
2376 3250 2498 3293 nato

1440 3320 1548 3372 filio
1570 3336 1716 3386 spem
1739 3328 1892 3386 pater
1907 3322 1970 3369 de
1993 3322 2082 3370 illo
2103 3321 2321 3384 primum
2344 3334 2498 3384 quam

1441 3400 1686 3462 optimam
1733 3398 1909 3461 capiat
1934 3414 1953 3446 ·.
2008 3399 2082 3446 ita
2121 3396 2418 3460 diligentior
2465 3408 2499 3445 a

1443 3475 1709 3539 principiis
1750 3475 2143 3524 fiet...Protinus
2179 3484 2237 3523 ut
2275 3475 2380 3523 erit
2410 3488 2499 3536 pa-

1442 3564 1563 3599 rens
1589 3549 1778 3610 factus,
1802 3564 1974 3599 acrem
1997 3565 2145 3613 quam
2170 3547 2388 3598 maxime
2410 3562 2499 3597 cu-

1442 3639 1550 3675 ram
1594 3640 1703 3689 spe·
1750 3625 1909 3674 futuri
1952 3625 2171 3672 oratoris
2208 3623 2495 3687 impendat.

1441 3701 1582 3752 Ante
1602 3703 1791 3762 omnia,
1814 3716 1878 3749 ne
1898 3704 1963 3749 sit
1989 3701 2199 3750 vitiosus
2220 3713 2388 3749 sermo
2411 3713 2501 3748 nu-

1439 3777 1674 3837 tricibus,
1697 3791 1843 3841 quas,
1878 3778 1918 3824 si
1943 3777 2054 3824 fieri
2088 3784 2277 3839 posset,
2295 3776 2497 3838 sapien·

1443 3862 1518 3902 tes
1538 3854 1855 3916 Chrysippus
1893 3854 2120 3915 optavit:
2173 3860 2317 3900 certe
2340 3865 2499 3914 quan-

1442 3937 1653 3978 turtures
1678 3937 1965 3990 pateretur,
2002 3928 2218 3988 optimas
2258 3924 2378 3987 eligi
2412 3938 2497 3974 vo-

1441 4004 1555 4054 lunt.
1570 4006 1682 4051 Aras
1713 4005 1927 4064 primum
1951 4003 2127 4051 audiet
2149 4017 2296 4064 puer,
2319 4003 2497 4050 barum

1444 4078 1598 4127 verba
1619 4075 1864 4139 effingere
1904 4076 2148 4124 inritando
2170 4076 2497 4125 conabitur...

1438 4153 1507 4204 In
1550 4154 1847 4216 parentibus
1884 4164 2007 4204 vero
2032 4166 2183 4215 quam
2225 4152 2494 4216 plurimum

1439 4242 1553 4280 esse
1590 4227 1900 4280 eruditionis
1927 4227 2232 4292 optaverim.
2299 4227 2495 4278 Verum
