3000 4859
493 365 673 434 3300

1214 384 1282 434 (2.
1325 381 1698 436 coRNBLu
1743 383 1998 436 ‘raclrl

494 526 703 592 multo
731 525 997 610 insuper
1024 523 1183 591 fimo
1227 529 1556 605 onerant,4
1603 526 1962 612 suffugium
1992 529 2247 615 hyems*
2281 536 2352 599 et
2395 537 2706 619 recepta-

495 628 720 696 culum
747 627 1046 710 frugibus
1063 634 1111 693 :⁰
1157 628 1320 710 quia
1344 628 1625 709 rigorem
1650 628 1962 710 frigorum
1989 629 2312 714 ejusmodi
2341 633 2514 699 locis
2539 635 2710 699 mol-

494 728 703 794 liunt:
747 735 836 808 et,
864 729 925 794 si
952 727 1221 814 quando
1246 728 1460 796 hostis
1484 729 1773 809 advenit,
1794 736 2022 814 aperta
2041 733 2449 815 populamr,⁵
2469 735 2708 806 abdita

497 944 1091 1020 mmmm

1110 948 1315 994 aerem
1333 942 1572 1021 operiunt,
1589 942 1846 994 absidum
1864 944 2040 1009 hyensi,
2058 949 2104 995 d

2120 947 2673 1009 “mm

496 1007 1873 1080 quiamieioenfrigmmmdnpecubnteniuts
1921 1010 2706 1076 et,siquadokutisimadit,

1421 1158 1784 1179 “MOOOOOO

563 1270 595 1316 4
628 1264 695 1315 Iu
728 1264 860 1314 Μαι.
897 1262 1176 1339 Bamberg.
1212 1269 1269 1314 et
1306 1263 1563 1314 Arundel.
1631 1265 1768 1314 Fiam
1799 1265 2033 1327 operiunt.
2098 1266 2219 1316 Non
2257 1264 2331 1315 ita
2364 1266 2531 1327 bene;
2584 1278 2705 1316 cum

502 1345 659 1394 supra
675 1335 980 1403 usurpatum
1001 1327 1086 1393 sit,
1105 1328 1308 1393 aperire.

500 1400 683 1460 ⁶1²⁶ssae
708 1392 966 1457 poputum.

1373 1329 1600 1379 Brotier.
1602 1335 1697 1377 -6
1730 1328 1794 1378 Iu
1818 1331 1919 1380 Ms.
1942 1330 2115 1380 Vatic.
2132 1333 2277 1379 2964.
2296 1329 2502 1381 eteod.
2525 1330 2705 1394 Kapp.

1495 1529 1709 1581 NOTAE

502 1651 729 1705 caminos
762 1656 984 1715 tantum,
1016 1656 1075 1700 ut
1113 1648 1254 1715 apud
1298 1650 1478 1700 Gallos
1517 1655 1573 1699 et

503 1729 728 1780 Lutetia
767 1736 934 1778 erant.
1017 1728 1146 1776 Tum
1177 1726 1405 1776 “minus
1443 1727 1571 1776 nihil

504 1804 647 1856 aliud
686 1803 806 1868 fuit,
837 1817 996 1868 quam
1035 1801 1271 1852 foramen
1306 1802 1487 1865 ingens
1517 1803 1572 1851 in

504 1882 680 1936 medio
717 1880 866 1941 tecti,
898 1894 993 1942 per
1013 1878 1150 1943 qnod
1187 1878 1456 1928 exhalaret
1492 1878 1573 1928 fu-

503 1971 647 2015 mun
683 1956 860 2020 quales
880 1952 1136 2017 hodieque
1169 1952 1429 2001 videntur.
1496 1954 1569 2003 Et

503 2032 700 2083 nullum
723 2044 932 2094 prorsus
968 2028 1153 2078 arsisse
1191 2030 1380 2092 ignem,
1403 2030 1457 2079 in
1480 2045 1569 2080 cu-

503 2106 680 2156 biculo
698 2105 915 2167 Juliani,
939 2104 1079 2168 apud
1120 2104 1400 2168 Lutetiam,
1421 2107 1565 2155 clare

503 2185 656 2245 patet
686 2180 886 2243 legenti
923 2194 1039 2228 eam
1080 2180 1425 2229 narrationem
1460 2181 1566 2230 Im-

504 2254 782 2321 peratoris.
847 2254 903 2303 Si
925 2253 1052 2314 tubi,
1072 2261 1162 2304 aut
1183 2254 1568 2321 qualiscumque

505 2331 647 2381 calor
668 2330 944 2395 aspirasset
969 2329 1163 2380 Juliani
1185 2329 1444 2391 cubiculo,
1466 2347 1570 2381 non

507 2408 662 2469 muri,
679 2420 779 2455 non
804 2405 1028 2468 parietes
1050 2405 1273 2468 maligno
1296 2405 1570 2470 gelidoque

505 2482 721 2532 humore
745 2480 1109 2543 obriguissent‚
1143 2495 1245 2544 quo
1279 2478 1390 2529 fere
1414 2481 1572 2543 periit

505 2557 742 2609 Julianus
787 2561 939 2604 nocte
979 2556 1066 2605 illa
1120 2554 1259 2618 apud
1312 2555 1570 2605 Lutetiam

506 2632 858 2691 Parisiorum;
906 2631 1016 2680 scil.
1055 2630 1109 2679 in
1129 2645 1189 2680 ea
1209 2631 1395 2693 insula,
1416 2645 1571 2695 quam

512 2721 651 2758 nuuc
692 2705 1061 2770 Delphiiiicam
1098 2720 1375 2765 vocamus3
1416 2705 1492 2754 ita
1513 2713 1571 2756 ut

509 2797 718 2833 vomere
739 2789 1029 2845 cogeretur,
1062 2780 1251 2831 invitus
1287 2786 1343 2829 et
1372 2787 1570 2845 praeter

506 2870 724 2907 morem.

574 2939 599 2965 ¹·
632 2930 910 2996 suffag-ium
930 2931 1110 2995 hyeme]
1162 2930 1247 2982 An
1278 2931 1407 2981 illud
1442 2929 1571 2980 effu-

510 3007 650 3073 gium
672 3008 741 3056 sit
759 3007 1074 3056 hominibus?
1114 3006 1193 3057 An
1218 3021 1344 3056 vero
1366 3012 1567 3056 tautum

511 3080 786 3144 suffugium
807 3088 862 3130 et
884 3081 1272 3144 receptaculum
1305 3078 1569 3144 frugibus?

510 3158 670 3216 Puto,
702 3155 947 3218 utrisque.
1014 3156 1149 3204 Nam
1186 3156 1417 3205 homines
1462 3157 1477 3185 ‘
1504 3158 1571 3204 ri-

512 3243 686 3296 gorem
725 3228 973 3291 frigorum
1012 3229 1259 3292 ejusmodi
1294 3230 1421 3279 locis
1442 3231 1569 3282 mol-

509 3305 646 3354 liunt
666 3303 699 3365 ς’
744 3311 798 3353 et
820 3304 993 3367 fruges
1012 3305 1081 3353 ibi
1105 3305 1298 3354 abditae
1321 3313 1377 3354 et
1400 3305 1570 3356 defos-

510 3392 581 3428 sae
620 3379 941 3440 ignorantur,
975 3383 990 3408 ‘
1011 3381 1276 3443 siquando
1296 3382 1458 3430 hostis
1479 3383 1569 3432 ad·

512 3455 693 3516 venit,'
725 3456 820 3505 διο.
886 3457 1071 3521 Itaque
1115 3475 1301 3523 specus
1344 3460 1420 3510 illi
1451 3469 1574 3512 sunt

510 3528 788 3592 suffugium
830 3532 1115 3583 homiuibus
1160 3534 1406 3585 adversus
1448 3538 1574 3601 hye-

513 3617 668 3664 mem,
706 3613 762 3654 et
800 3611 1184 3670 receptaculum
1221 3609 1453 3674 frugibus
1487 3613 1575 3662 ad·

514 3693 691 3728 versus
733 3679 966 3742 hostem;
1016 3682 1152 3734 forte
1198 3694 1253 3736 et
1292 3688 1411 3751 alis,
1454 3704 1573 3753 quae

515 3767 847 3818 corrumpere
872 3759 1087 3819 possint.

584 3830 736 3879 Licet
757 3831 855 3878 illis
879 3832 1130 3894 specubus
1153 3843 1205 3883 et
1230 3836 1346 3885 timo
1378 3837 1573 3900 frigora

516 3906 792 3969 mollirent,
821 3922 921 3955 non
944 3909 1134 3970 obstat,
1174 3913 1293 3975 quin
1316 3921 1371 3963 et
1400 3915 1573 3977 iguem

514 3980 618 4030 illis
641 3982 768 4031 locis
790 3981 1156 4035 accenderent.
1225 3990 1357 4038 Nam
1391 3990 1570 4040 statim

515 4054 692 4119 habes,
723 4059 739 4085 ⁴
765 4065 900 4106 totos
922 4056 1033 4107 dies
1041 4057 1198 4122 juxta
1221 4059 1391 4112 focum
1415 4070 1569 4127 atque

514 4129 681 4191 ignem
716 4132 912 4193 agunt!
982 4133 1098 4182 Nec
1129 4134 1265 4186 forte
1296 4138 1417 4188 fimo
1452 4153 1573 4188 one-

516 4202 702 4254 rabant
722 4220 921 4272 specus,
953 4206 1043 4256 ubi
1075 4206 1249 4273 fruges
1279 4211 1574 4278 abdebant3

1647 1651 1785 1716 quod
1828 1651 1964 1703 forte
2007 1653 2121 1704 illas
2159 1654 2486 1717 corrupisset.
2553 1653 2709 1704 Locis

1646 1727 1844 1792 quippe
1868 1729 2019 1779 siccis
2058 1728 2405 1779 subterraneis
2444 1728 2709 1779 abduntur

1645 1801 1822 1866 fruges
1843 1803 2042 1867 duplici
2069 1819 2241 1866 causa,
2255 1805 2367 1854 scil.
2388 1819 2455 1853 ne
2483 1817 2712 1854 corrum-

1646 1884 1835 1939 pantur
1860 1878 1980 1926 aere
2003 1889 2094 1929 aut
2130 1879 2527 1938 curculionibus,
2559 1887 2615 1929 et
2636 1892 2711 1942 ne

1643 1952 1967 2016 abripiantur
1985 1956 2049 2002 ab
2074 1954 2318 2005 hostibus.

1708 2035 1734 2060 ⁰
1764 2030 2123 2092 Receptacuhm
2146 2029 2396 2092 frugibus]
2442 2028 2577 2078 Pliu.
2608 2028 2710 2082 lib.

1645 2114 1809 2151 xvm.
1829 2106 1914 2152 80.
1968 2106 1983 2131 ‘
2005 2105 2286 2153 utilissime
2307 2109 2480 2153 tamen
2501 2117 2714 2154 servan·

1646 2184 1733 2227 tur
1769 2178 1823 2227 in
1856 2178 2142 2243 scrobibus,
2167 2194 2293 2244 quos
2330 2181 2457 2229 siros
2495 2185 2711 2241 vocant.

1647 2260 1708 2302 ut
1741 2252 1794 2300 iu
1830 2253 2161 2318 Cappadocia
2191 2262 2247 2304 et
2287 2257 2339 2306 iu
2378 2256 2620 2319 Thracia,
2649 2257 2708 2306 in

1649 2327 1899 2391 Hispania
1939 2339 1995 2378 et
2032 2329 2244 2380 Africa:
2292 2338 2414 2382 aute
2454 2332 2622 2381 omnia
2647 2338 2712 2384 ut

1650 2404 1792 2454 sicco
1806 2405 1915 2455 solo
1952 2404 2097 2470 fiant,
2125 2412 2348 2467 curant3
2395 2422 2514 2456 mox
2535 2414 2596 2457 ut
2619 2421 2712 2472 pa-

1650 2478 1731 2529 lea
1747 2481 2126 2532 substernatur.
2179 2481 2446 2532 Praeterea
2466 2497 2580 2531 cum
2605 2482 2714 2546 spi·

1649 2567 1826 2604 casua
1866 2555 2176 2607 conduntur.
2239 2558 2328 2607 Ita
2365 2557 2646 2620 frumenta,
2663 2557 2715 2608 si

1648 2630 1819 2680 nullus
1840 2632 2054 2694 spiritus
2094 2638 2355 2696 penetret,
2391 2640 2587 2683 certum
2625 2639 2718 2684 cst

1648 2705 1775 2754 nihil
1795 2705 2086 2757 maleficum
2117 2709 2274 2759 nasci.
2337 2707 2502 2758 Varro
2526 2715 2716 2759 auctor

1648 2789 1729 2830 est
1751 2782 1826 2831 sic
1848 2781 2111 2832 conditum
2150 2784 2380 2833 triticum
2413 2782 2599 2832 durare
2622 2797 2717 2834 au·

1647 2855 1725 2904 nis
1739 2856 2127 2921 quinquaginta,
2137 2859 2327 2908 milium
2339 2874 2459 2909 vero
2469 2859 2719 2912 centum?

1651 2931 1807 2981 Quod
1859 2932 2142 2983 etiamnum
2185 2941 2463 2999 usurpatur
2507 2934 2562 2984 in
2596 2934 2714 3000 qui·

1650 3004 1862 3055 busdam
1885 3007 2180 3071 regionibus
2213 3010 2419 3071 Galliae,
2446 3010 2557 3059 sitis
2579 3023 2717 3073 prae-

1650 3078 1800 3143 cipue
1819 3081 1882 3129 ad
1918 3083 2196 3145 meridiem,
2220 3092 2276 3133 et
2307 3085 2372 3134 ad
2396 3085 2629 3149 verbum,
2654 3091 2720 3136 ut

1649 3154 1898 3204 describit
1933 3156 2015 3206 hic
2047 3156 2270 3221 Plinius,
2292 3167 2514 3224 excepta
2550 3161 2716 3225 spica.

1649 3231 1784 3280 Nam
1825 3240 2047 3297 purgata
2087 3233 2351 3286 frumenta
2397 3237 2713 3302 conduntur,

1650 3307 1802 3368 palea
1831 3313 2003 3356 tamen
2036 3308 2229 3359 circum
2269 3310 2496 3362 involuta
2531 3319 2586 3362 et
2626 3328 2717 3364 co-

1652 3387 1852 3445 operta,
1872 3390 1933 3433 ut
1966 3385 2135 3433 nullus
2165 3386 2377 3449 spiritus
2414 3388 2556 3437 noxii
2577 3386 2715 3439 acris

1651 3456 1925 3518 pervadat.
1998 3459 2189 3525 sicque
2222 3458 2401 3525 fruges
2441 3460 2714 3513 defodiun-

1652 3539 1736 3581 tur
1758 3533 1811 3582 in
1835 3535 2113 3597 specubus,

1718 3607 1803 3656 Sic
1826 3609 2036 3659 Curtius
2056 3611 2146 3661 lib.
2181 3626 2278 3662 vn.
2311 3614 2328 3642 ‘
2351 3614 2536 3664 Tritici
2565 3615 2718 3681 nihil,

1654 3688 1745 3731 aut
1764 3683 2040 3733 admodum
2073 3688 2313 3750 exiguum
2339 3690 2714 3753 reperiebatur.

1651 3756 1793 3806 Siros
1833 3759 2086 3810 vocabant
2123 3761 2349 3824 barbari,
2372 3779 2497 3828 quos
2520 3766 2594 3815 ita
2633 3781 2719 3819 so·

1652 3831 1814 3881 lerter
1845 3834 2190 3900 abscondunt,
2210 3844 2269 3886 ut
2305 3839 2404 3887 nisi
2443 3841 2529 3902 qui
2565 3839 2714 3891 defo·

1650 3907 1858 3971 derunt,
1893 3910 2124 3962 invenire
2160 3927 2262 3962 non
2288 3917 2498 3977 possint.
2564 3916 2628 3967 In
2649 3916 2716 3968 iis

1650 3986 1873 4036 conditas
1898 3985 2073 4052 fruges
2096 3989 2278 4051 erant,'
2298 3995 2396 4041 dte.

1717 4061 2074 4125 Receptaculum
2082 4064 2333 4128 frugibus]
2352 4066 2574 4116 Fodiunt
2586 4067 2717 4119 Gul-

1653 4135 1690 4183 li
1729 4139 1892 4187 nostri
1925 4139 2198 4189 etiamnum
2236 4140 2479 4204 quasdam
2511 4139 2715 4207 foveas,

1655 4225 1747 4261 seu
1783 4221 1937 4264 antra
1971 4214 2326 4283 subterranea,
2359 4217 2413 4267 in
2432 4217 2618 4284 quibus
2639 4219 2719 4272 in-
