3000 4859
1143 352 1269 401 mA
1281 351 1418 401 1200
1429 353 1541 402 US.

2268 337 2447 404 3755

1229 586 1451 640 NOTAE

237 699 345 750 bit:
379 711 481 749 non
505 698 837 749 humanitatis
852 700 1016 749 solnm
1041 699 1300 747 communi

240 776 426 826 ductus
449 774 636 838 officio,
663 776 754 824 sed
796 791 970 825 amore
994 776 1217 839 quodam
1250 790 1303 824 o·

239 851 398 915 peris.
474 852 644 901 Nemo
667 852 804 900 enim
829 853 986 901 minui
1010 852 1136 902 velit
1158 852 1230 912 id,
1251 852 1302 900 in

241 939 344 989 quo
384 926 635 974 maximus
666 924 783 975 fuit.
849 926 991 978 Quid
1032 941 1183 988 porro
1221 933 1304 975 est

238 1001 521 1057 honestius,
539 1016 689 1064 quam
725 1000 917 1049 docere
939 1000 1074 1068 quod
1109 1002 1303 1064 optime

242 1074 412 1126 scias?
443 1074 529 1123 Sic
553 1090 609 1124 se
633 1075 699 1123 ad
723 1075 939 1124 Coelium
969 1076 1251 1126 deductum
1271 1092 1302 1126 a

243 1158 396 1215 patre
442 1151 631 1200 Cicero
671 1152 964 1214 profitetur.
1043 1154 1130 1203 Sic
1170 1153 1305 1204 Pan·

239 1242 367 1290 sam,
401 1228 650 1289 Hirtium,
689 1229 1010 1279 Dolabellam
1034 1230 1084 1279 in
1113 1245 1304 1280 morem

243 1308 581 1368 praeceptoris
604 1308 857 1367 exercuit,
879 1307 1106 1371 quotidie
1128 1309 1306 1358 dicens

243 1381 598 1444 audiensque.'
636 1383 800 1432 Etiam
827 1396 881 1432 x.
906 1390 954 1432 6.
990 1386 1005 1412 ‘
1031 1386 1207 1437 Quare
1222 1386 1305 1448 ju-

243 1457 410 1516 venis,
447 1457 536 1520 qui
578 1459 830 1508 rationem
870 1459 1163 1509 inveniendi
1201 1460 1306 1509 elo-

242 1532 537 1596 quendique
555 1547 587 1582 a
607 1535 1009 1596 proeceptoribus
1028 1536 1308 1599 diligenter

242 1609 527 1672 acceperit,
551 1609 714 1674 (quod
748 1625 847 1659 non
871 1620 952 1660 est
976 1611 1161 1662 infiniti
1183 1627 1308 1675 ope·

242 1683 335 1745 ris,
368 1685 413 1732 si
450 1685 639 1734 docere
675 1687 866 1749 sciant)
889 1696 942 1736 et
976 1689 1310 1738 exercitatio·

243 1774 362 1810 nem
387 1775 591 1825 quoque
610 1762 864 1811 modicam
888 1762 1045 1812 fuerit
1067 1777 1311 1813 consecu-

243 1840 346 1895 tus,
368 1842 629 1886 oratorem
669 1836 767 1885 sibi
808 1838 1028 1900 aliquem
1052 1837 1217 1901 (quod
1263 1853 1312 1886 a·

246 1909 354 1972 pud
409 1912 628 1974 majores
673 1910 784 1960 fieri
832 1913 1057 1971 solebat)
1099 1913 1312 1975 deligat,

245 2000 399 2048 quem
424 1995 685 2049 sequatur,
709 2002 862 2049 quem
893 1988 1138 2050 imitetur,
1167 1989 1307 2051 jndi-

245 2059 342 2107 ciis
362 2059 562 2108 intersit
586 2062 994 2124 quamplurimis,
1026 2070 1081 2112 et
1110 2064 1176 2112 sit
1199 2077 1308 2112 cer-

247 2133 467 2194 taminis,
482 2135 564 2183 cui
578 2135 889 2194 destinatur,
907 2135 1147 2201 frequens
1165 2153 1308 2200 spec·

251 2216 417 2269 tator3
456 2217 558 2258 tum
598 2224 779 2258 causas
823 2211 903 2259 vel
942 2212 1146 2261 easdem
1184 2229 1309 2278 quas

249 2285 335 2348 agi
359 2285 597 2344 audierit,
626 2287 763 2347 stylo
799 2294 854 2334 et
891 2285 1000 2347 ipse
1022 2297 1315 2351 componat,

253 2360 334 2408 vel
358 2360 512 2408 etiam
535 2361 681 2418 alias,
697 2375 844 2409 veras
860 2362 1011 2410 modo
1030 2377 1042 2410 :
1069 2370 1124 2411 et
1139 2364 1314 2412 utrim-

250 2450 352 2499 que
377 2441 600 2484 tractet:
637 2445 693 2484 et
710 2436 846 2499 quod
872 2437 922 2485 in
947 2438 1316 2500 gladiatoribus

251 2510 365 2560 fieri
389 2511 636 2571 videmus,
659 2513 708 2560 in
746 2515 899 2562 rebus
924 2514 1053 2564 actis
1077 2530 1317 2565 exercea-

256 2596 362 2648 tur,
398 2597 454 2636 nt
494 2587 680 2637 fecisse
718 2590 937 2638 Brutum
975 2590 1196 2639 diximus
1221 2606 1317 2655 pro

257 2663 488 2712 Milone!
573 2665 768 2714 Rursus
809 2679 988 2715 causas
1036 2667 1179 2716 addit
1222 2683 1318 2717 cur

256 2740 521 2802 eligendus
547 2741 769 2803 optimus
791 2741 856 2791 sit
878 2750 1173 2806 praeceptor
1195 2757 1256 2793 11.
1273 2749 1320 2794 4.

253 2818 269 2845 ‘
306 2817 370 2866 In
419 2819 599 2881 primis
645 2820 913 2869 evitandus
953 2830 1008 2869 et
1051 2821 1101 2868 in
1148 2821 1322 2882 pueris

256 2894 520 2956 proecipue
545 2894 787 2957 magister
817 2895 1006 2958 aridus,
1027 2909 1129 2943 uon
1154 2896 1317 2945 miuus

256 2983 409 3034 quam
434 2971 628 3019 teneris
649 2969 816 3018 adbuc
838 2971 1028 3033 plantis
1047 2970 1238 3020 siccum
1261 2979 1318 3021 et

256 3046 368 3094 sine
401 3046 610 3095 humore
644 3047 747 3095 ullo
786 3047 968 3097 solum.
1035 3046 1165 3096 Inde
1185 3045 1318 3097 fiunt

257 3120 474 3170 humiles
496 3122 692 3182 statim,
712 3130 764 3171 et
790 3123 932 3172 velut
955 3128 1146 3171 terram
1171 3136 1318 3185 spec·

257 3204 450 3258 tantes,
490 3199 573 3261 qui
617 3198 740 3246 nihil
776 3213 933 3262 supra
966 3199 1319 3262 quotidianum

257 3286 548 3322 sermonem
570 3273 809 3323 attollere
835 3275 1080 3324 audeant.
1125 3275 1322 3323 Macies

257 3349 359 3398 illis
385 3363 476 3412 pro
499 3350 740 3410 sanitate,
761 3359 815 3398 et
825 3349 1013 3412 judicii
1038 3351 1152 3397 loco
1184 3348 1322 3397 infir-

260 3424 414 3474 mitas
438 3433 548 3474 est:
586 3433 640 3474 et
663 3426 784 3473 dum
821 3426 947 3474 satis
973 3431 1159 3488 putant
1185 3427 1321 3475 vitiis

260 3514 463 3558 carere,
504 3500 556 3549 in
597 3501 819 3563 idipsum
861 3502 1090 3550 incidunt
1127 3502 1325 3564 vitium,

261 3575 402 3639 quod
427 3575 698 3624 virtutibus
723 3577 939 3627 carent!

329 3650 516 3712 Arguit
539 3653 695 3700 etiam
733 3654 990 3717 simulque
1026 3654 1180 3702 docet
1203 3655 1326 3701 mul·

265 3726 332 3776 tis
356 3724 552 3775 artibus
577 3735 630 3775 et
654 3729 887 3777 scientiis
923 3730 1118 3778 debere
1146 3729 1328 3777 imtrui

258 3802 506 3867 ,iuvenem
543 3803 788 3865 perfectu-2
824 3806 1133 3868 eloquentia*
1175 3806 1328 3853 desti·

265 3884 460 3927 natum.
491 3879 576 3927 sic
602 3879 757 3940 igitur
778 3878 935 3928 habet
953 3880 1173 3930 Quintil.
1194 3893 1232 3927 1.
1254 3884 1329 3928 lt).

267 3955 282 3984 ‘
310 3953 372 4002 In
396 3954 698 4003 Geometria
733 3962 935 4016 partem
958 3953 1192 4004 fatentur
1221 3970 1331 4004 esse

265 4032 446 4081 utilem
471 4032 660 4080 teneris
689 4031 966 4090 aetatibus3·
981 4032 1168 4094 agitari
1193 4045 1328 4079 nam-

270 4121 371 4171 que
416 4107 627 4169 animos,
667 4115 826 4171 atque
865 4108 984 4157 acui
1020 4108 1241 4169 ingenia,
1273 4114 1331 4156 et

269 4183 592 4238 celeritatem
631 4182 952 4249 percipiendi
989 4183 1167 4233 venire
1207 4181 1330 4232 inde

1380 697 1705 748 concedunt:
1741 697 1831 747 sed
1856 697 2102 760 prodesse
2126 711 2239 746 eam
2262 711 2365 746 non
2388 703 2450 748 ut

1381 780 1584 823 ceteras
1606 781 1762 836 arte«,
1780 788 1895 822 cum
1932 780 2197 836 perceptas
2222 773 2340 835 sint,
2358 773 2449 821 sed

1381 864 1496 899 cum
1519 850 1770 912 discatur,
1791 848 2107 898 existimant.
2176 848 2238 896 Id
2275 850 2453 912 vulga·

1383 925 1450 974 ris
1472 925 1647 986 opinio
1669 932 1766 974 est.
1823 925 1936 973 Nec
1961 924 2069 971 sine
2092 938 2246 972 causa
2269 923 2453 973 summi

1383 999 1480 1047 viri
1521 1001 1680 1049 etiam
1725 1001 2004 1063 impensam
2052 1000 2170 1049 huic
2219 1000 2450 1049 scientim

1382 1089 1592 1137 operam
1617 1074 1909 1125 dederunt.’

1448 1151 1598 1200 Idem
1628 1153 1662 1200 l.
1687 1165 1725 1201 1.
1752 1156 1829 1201 lo.
1862 1154 1877 1179 ⁸
1903 1151 2060 1212 Quid,
2093 1151 2348 1215 inquiunt,
2381 1150 2450 1200 ad

1383 1228 1633 1289 agendam
1654 1244 1876 1288 causam,
1893 1228 2227 1278 dicendamve
2246 1236 2452 1278 senten·

1387 1303 1513 1351 tiam
1556 1305 1785 1364 pertinet
1830 1305 1981 1360 scire,
2023 1302 2454 1367 quemadmodum

1386 1381 1439 1429 in
1454 1379 1574 1427 data
1594 1380 1726 1427 linea
1743 1379 1992 1428 constitui
2015 1380 2271 1442 triangula
2288 1379 2451 1442 aequis

1388 1455 1634 1504 lateribus
1658 1456 1888 1517 possint?
1919 1454 2028 1503 Aut
2047 1469 2148 1518 qno
2172 1455 2350 1503 melius
2371 1455 2453 1503 vel

1387 1527 1640 1578 defendet
1664 1544 1825 1589 reum,
1844 1530 1924 1577 vel
1947 1537 2093 1592 reget
2118 1529 2350 1591 consilia,
2365 1529 2455 1593 qui

1386 1605 1603 1654 citnarae
1648 1620 1801 1654 sonos
1842 1604 2130 1654 nominibus
2175 1613 2230 1653 et
2275 1605 2459 1668 spatiis

1388 1680 1683 1729 distinxerit
1698 1681 1962 1743 5’...quibus
1985 1695 2082 1736 eno
2116 1680 2337 1742 primum
2359 1680 2457 1730 hoc

1389 1756 1692 1817 respondeo,
1707 1757 1846 1818 quod
1870 1763 1923 1804 et
1947 1757 2022 1804 M.
2049 1758 2237 1805 Cicero
2259 1757 2458 1820 scripto

1391 1831 1455 1880 ad
1474 1832 1695 1879 Brutum
1715 1831 1847 1879 libro
1866 1831 2192 1894 frequentius
2220 1839 2461 1895 testatur,

1393 1924 1494 1959 non
1533 1924 1650 1958 eum
1688 1926 1719 1958 a
1757 1910 1904 1958 nobis
1947 1911 2144 1960 institui
2183 1918 2460 1974 oratorem,

1386 1986 1471 2049 qui
1518 1985 1605 2046 sit,
1649 1994 1740 2033 aut
1790 1984 1982 2034 fuerit:
2043 1986 2134 2033 sed
2180 1987 2462 2049 imaginem

1386 2061 1641 2125 quandam
1678 2063 1978 2126 concepisse
2013 2075 2103 2109 nos
2140 2062 2308 2111 auimo
2344 2078 2461 2127 per-

1387 2135 1515 2186 fecti
1555 2136 1708 2196 illius,
1730 2152 1795 2185 ex
1833 2137 1973 2185 nulla
2008 2144 2159 2200 parte
2195 2140 2460 2191 cessantis.

1395 2213 1529 2261 Nam
1569 2219 1625 2262 et
1667 2214 1952 2276 sapientem
1990 2213 2276 2263 formantes
2322 2231 2463 2277 enm,

1393 2289 1479 2351 qui
1508 2288 1574 2336 sit
1596 2288 1799 2338 futurus
1823 2296 2201 2338 consummatus
2220 2290 2464 2355 undique,

1394 2370 1450 2410 et
1471 2363 1557 2426 (ut
1581 2363 1788 2426 dicunt)
1818 2365 2048 2413 mortalis
2072 2364 2279 2429 quidam
2302 2367 2466 2427 Dens,

1397 2452 1498 2487 non
1539 2439 1688 2488 modo
1729 2440 2024 2502 cognitione
2059 2441 2344 2489 coelestium
2384 2442 2465 2491 vel

1397 2516 1692 2563 mortalium
1731 2521 1916 2577 putant
1952 2515 2342 2576 instituendum,
2371 2518 2463 2566 sed

1397 2603 1492 2650 per
1513 2590 1749 2653 quaedam
1790 2605 1948 2653 parva
1970 2604 2111 2649 saue,
2148 2589 2190 2638 si
2227 2591 2341 2654 ipsa
2380 2592 2468 2641 de·

1399 2678 1539 2713 mum
1552 2666 1797 2726 resumes,
1810 2666 2019 2724 ducunt,
2031 2667 2168 2716 sicut
2183 2667 2469 2730 exquisitas

1398 2739 1602 2789 interim
1626 2740 2014 2804 ambiguitates,
2032 2744 2130 2788 διο.
2168 2742 2308 2792 Quia
2324 2742 2467 2791 illum

1401 2828 1466 2863 ne
1491 2815 1542 2862 in
1566 2816 1788 2863 minimis
1826 2815 2033 2878 quidem
2063 2823 2311 2878 oporteat
2340 2815 2469 2868 falli.

1400 2889 1650 2938 Similiter
1673 2898 1953 2952 oratorem,
1971 2893 2057 2954 qui
2086 2891 2243 2941 debet
2261 2906 2372 2941 esse
2393 2906 2471 2942 sa-

1398 2966 1566 3029 piens,
1586 2980 1683 3014 nou
1709 2966 2020 3015 Geometres
2044 2964 2226 3029 faciet,
2245 2974 2335 3016 aut
2353 2969 2473 3018 Mu·

1395 3043 1550 3103 sicus,
1573 3056 1792 3105 qumque
1813 3041 1892 3090 his
1912 3043 2014 3090 alia
2028 3043 2359 3107 subjungam,
2376 3045 2468 3095 sed

1397 3119 1477 3166 hae
1496 3132 1698 3182 quoque
1715 3124 1875 3175 artes,
1893 3125 1952 3167 ut
1974 3118 2044 3166 sit
2069 3128 2468 3183 consummatus,

1391 3193 1688 3256 juvabunt.'
1722 3194 1807 3241 Sir·
1831 3199 1885 3242 et
1910 3193 1976 3242 de
1998 3195 2372 3259 Grammatica,
2396 3197 2472 3248 sic

1401 3270 1466 3318 de
1481 3269 2045 3331 Philosophia‚etJuris
2060 3269 2221 3319 civilis
2236 3273 2477 3338 scientia,

1402 3353 1458 3395 et
1496 3346 1611 3394 aliis
1635 3341 1830 3393 artibus
1853 3344 2022 3406 addit,
2044 3348 2188 3410 quasi
2228 3345 2467 3400 absolute

1402 3421 1709 3470 necessariae
1734 3421 1837 3469 sint
1864 3420 2099 3481 perfecto
2122 3426 2332 3474 oratori.

1467 3497 1557 3546 Sic
1596 3504 1650 3545 ct
1692 3496 1929 3546 inertiam
1958 3499 2209 3559 juvenum
2234 3500 2476 3564 castigat,

1403 3582 1459 3623 et
1502 3574 1569 3622 de
1609 3574 1779 3622 scenis
1820 3559 2270 3637 scholasticorum,
2313 3583 2369 3626 et
2409 3576 2476 3628 de

1405 3650 1543 3699 fictis
1566 3650 2029 3699 declamationibus
2074 3652 2208 3701 idem
2237 3654 2397 3704 sentit
2422 3661 2479 3705 et

1407 3726 1567 3774 tradit
1590 3726 1642 3772 in
1672 3725 2091 3775 institutionibus
2107 3729 2360 3778 oratoriis.
2392 3731 2479 3778 Sic

1406 3816 1533 3862 ergo
1565 3813 1665 3850 ιιι.
1691 3803 1768 3850 ll.
1801 3802 1816 3829 ‘
1849 3802 2031 3863 Neque
2071 3802 2205 3849 enim
2244 3809 2335 3852 aut
2373 3809 2479 3852 tam

1408 3878 1679 3940 perplexa,
1725 3886 1813 3924 aut
1863 3882 1967 3925 tam
2018 3891 2290 3925 numerosa
2334 3887 2478 3942 sunt,

1413 3968 1525 4015 qua„³
1552 3960 1814 4016 premunt,
1848 3959 1908 4000 nt
1940 3965 2039 3998 non
2084 3965 2367 4014 paucorum
2391 3953 2481 4002 ad·

1411 4030 1618 4079 modum
1661 4042 1906 4078 annorum
1948 4028 2236 4077 intentione
2280 4028 2484 4080 discan-

1410 4112 1515 4155 tur.
1604 4106 1832 4167 Longam
1887 4102 2022 4151 enim
2069 4101 2198 4152 facit
2249 4117 2486 4167 operam,

1408 4181 1548 4247 quod
1570 4192 1932 4245 repugnamus,
1952 4180 2055 4229 otc.
2124 4179 2316 4229 Cetera
2338 4194 2401 4231 ve
2412 4191 2487 4247 ro,
