3000 4859
505 344 708 435 oms,

1211 361 1279 411 C·
1325 361 1525 410 conl-1
1537 361 1697 410 Eut
1749 360 2009 411 'rAcl‘rl

1501 582 1723 635 NOTAE

503 730 743 794 magnam
777 727 1148 794 pulchramque
1183 727 1450 779 materiam
1496 727 1574 778 in-

463 813 469 820 ·
501 804 749 856 sectandi
781 812 1046 868 nocentes,
1071 805 1282 855 miseros
1314 805 1578 855 vindican-

507 880 583 944 di,
604 895 660 933 se
682 878 994 945 proferendi.
1059 879 1226 930 Porro
1258 878 1397 930 inter
1409 881 1577 930 multa

506 958 703 1009 scelera
721 959 997 1008 multorum
1030 959 1226 1009 nullum
1257 960 1481 1011 atrocius
1506 959 1578 1008 vi·

507 1034 748 1098 debatur,
765 1048 916 1099 quam
929 1035 1064 1099 quod
1087 1035 1139 1083 in
1161 1040 1345 1085 senatu
1368 1042 1578 1085 senator

503 1111 750 1173 senatori,
774 1110 1044 1175 praetorius
1083 1110 1361 1174 consulari,
1378 1124 1469 1159 reo
1484 1110 1575 1175 ju-

506 1184 610 1234 dex
633 1200 810 1236 manus
832 1185 1107 1236 intulisset.
1173 1187 1367 1237 Fuerat
1383 1187 1575 1252 alioqui

506 1262 630 1312 mihi
652 1277 767 1312 cum
809 1261 1059 1311 Helvidio
1098 1263 1347 1327 amicitia,
1383 1269 1578 1327 quanta

505 1343 751 1403 potuerat
772 1353 884 1389 esse
904 1353 1021 1388 cum
1045 1353 1127 1402 eo,
1166 1339 1253 1404 qui
1285 1345 1428 1389 metu
1449 1346 1575 1390 tem·

504 1429 686 1478 porum
705 1429 892 1464 nomen
922 1414 1123 1480 ingens,
1142 1429 1394 1481 paresque
1412 1414 1573 1466 virtu-

503 1499 587 1542 tes
605 1507 809 1543 secessu
825 1492 1056 1557 tegebat.
1123 1494 1316 1543 Fuerat
1335 1507 1452 1544 cnm
1472 1494 1571 1543 Ar·

502 1566 579 1615 ria
602 1572 657 1616 et
674 1558 888 1632 Fannia,
919 1582 1132 1632 quarum
1151 1569 1314 1618 altera
1335 1569 1569 1620 Helvidii

502 1655 745 1706 noverca,
758 1643 924 1693 altera
933 1650 1101 1693 mater
1114 1644 1388 1696 πονεῖτε]
1410 1645 1568 1698 Haud

505 1716 662 1766 dubie
685 1717 744 1767 iu'
760 1722 996 1769 senatum
1020 1734 1140 1771 raro
1162 1720 1408 1771 veniebat
1441 1722 1567 1771 Hel-

501 1790 669 1841 'vidius
702 1793 901 1856 junior,
937 1794 1065 1845 licet
1096 1793 1232 1845 forte
1264 1798 1567 1858 consularis,

501 1868 743 1930 exemplo
762 1867 884 1918 olim
902 1869 1161 1934 Thraseae,
1183 1870 1276 1920 sed
1295 1878 1566 1921 accusatus

499 1940 670 2005 affluit,
710 1950 770 1993 ut
802 1958 1006 1995 causam
1030 1951 1269 1996 tueretur
1291 1947 1343 1998 in
1366 1954 1568 2010 senatu,

499 2018 637 2069 unde
702 2026 973 2070 traxerunt
1023 2034 1141 2071 eum
1189 2028 1567 2073 assentatorum

500 2106 677 2142 manus
699 2102 944 2145 cruentae.

565 2167 867 2231 Heluidium]
886 2168 983 2219 Ille
999 2176 1114 2234 post
1131 2170 1415 2221 Domitiani
1433 2187 1568 2222 mor·

499 2249 606 2291 tem
649 2242 939 2295 vindicatus
975 2259 1005 2294 a
1029 2245 1219 2308 Plinio,
1241 2254 1302 2296 ut
1326 2254 1473 2311 patet
1499 2264 1566 2298 ex

499 2320 895 2385 praeclarissima
917 2320 1071 2384 epist.
1103 2326 1182 2371 13.
1204 2322 1295 2372 lib.
1315 2335 1395 2371 ix.
1431 2323 1564 2374 Eum

495 2395 792 2445 adulatione
856 2396 1184 2460 sanguinaria
1233 2397 1564 2449 subverterat

495 2469 767 2521 Publicius
788 2471 993 2533 Certus,
1023 2471 1110 2536 qui
1143 2476 1251 2521 tum
1274 2474 1451 2523 consul
1475 2474 1563 2524 de-

492 2545 744 2611 signatus,
779 2547 892 2597 scil.
930 2548 987 2597 in
1039 2544 1226 2611 flagitii
1274 2549 1562 2614 praemium,

493 2634 611 2671 cum
634 2636 753 2673 eum
776 2621 1030 2687 corripuit
1069 2621 1361 2686 invasitque
1397 2624 1560 2672 Plini-

493 2711 586 2756 us;
621 2704 677 2746 et
714 2703 818 2745 tum
843 2711 961 2747 reus
995 2696 1262 2745 consulatu
1286 2696 1556 2747 abdicatus

492 2778 589 2820 est.
656 2771 915 2825 censebat
964 2773 1222 2822 Cornutus
1280 2773 1332 2821 in
1371 2781 1559 2824 senatu

490 2851 731 2899 contentus
766 2862 865 2897 esse
906 2845 1155 2911 foeminas,
1199 2845 1404 2897 Arriam
1443 2850 1554 2899 scil.

490 2921 742 2972 Fanniam
765 2929 821 2973 et
844 2923 1106 2987 Anteiam,
1137 2922 1155 2951 ‘
1179 2923 1455 2975 admonere
1478 2940 1557 2974 se·

489 3006 665 3049 natum
701 3000 927 3049 Publicii
946 3000 1106 3050 Certii
1129 3007 1357 3053 cruenta
1383 3000 1559 3051 adula-

488 3074 646 3125 tionis
665 3090 680 3135 3
705 3082 762 3123 et
783 3082 984 3138 petere,
1002 3076 1045 3123 si
1067 3089 1219 3138 poena
1239 3074 1425 3139 flagitii
1451 3091 1559 3127 ma·

487 3149 806 3199 uifestissimi
859 3151 1175 3213 remittatur,
1226 3159 1351 3201 nota
1395 3153 1556 3203 Certo

490 3225 639 3287 quasi
652 3226 888 3274 censorin
903 3226 1141 3276 inuratur
1153 3262 1166 3276 .
1183 3260 1198 3276 .
1211 3260 1224 3274 .
1242 3261 1255 3276 .
1266 3227 1475 3277 venitur
1488 3230 1555 3278 ad

488 3315 592 3362 me,
635 3314 910 3364 consurgo,
951 3308 1071 3350 utor
1114 3302 1283 3365 initio,
1321 3303 1457 3367 quod
1498 3306 1553 3355 in

486 3375 623 3423 libro
666 3380 765 3437 est,
799 3375 996 3439 [quem
1040 3376 1153 3426 scil.
1197 3386 1557 3441 composuerat

485 3449 625 3501 Plin.
649 3450 713 3500 de
737 3451 933 3500 ultione
964 3451 1237 3519 Helvidii,]
1266 3455 1554 3518 respondeo

486 3524 715 3590 singulis.
781 3527 992 3591 Mirum,
1008 3543 1109 3593 qua
1126 3528 1428 3595 intentione,
1445 3532 1551 3596 qni·

487 3598 584 3651 bus
643 3603 949 3654 clamoribus
1002 3605 1171 3654 omnia
1225 3607 1552 3670 exceperint,

486 3678 575 3743 qui
621 3679 773 3728 ruodo
811 3680 1204 3744 reclamabant3
1250 3690 1395 3732 tanta
1430 3696 1551 3733 con·

486 3755 674 3816 versio,
736 3755 817 3805 vel
870 3758 1064 3819 negotii
1110 3757 1431 3822 dignitatem,
1465 3758 1549 3807 vel

484 3834 791 3894 proventum
816 3833 1080 3895 orationis,
1103 3834 1185 3882 vel
1215 3833 1407 3883 actoris
1427 3848 1550 3882 con-

483 3908 725 3957 stantiam
763 3907 1042 3959 subsecuta
1070 3917 1183 3958 est:
1207 3908 1346 3959 finio.
1413 3909 1549 3958 Inci-

483 3982 564 4046 pit
588 3983 898 4046 respondere
925 3985 1146 4033 Veiento
1169 4003 1184 4045 3
1225 3998 1374 4033 nemo
1415 3984 1548 4046 pati-

482 4062 587 4121 tur,
642 4058 970 4120 obturbatur,
1024 4059 1360 4122 obstrepitur,
1415 4059 1546 4109 adeo

484 4134 691 4196 quidem
715 4141 774 4182 ut
801 4133 1020 4198 diceret,
1043 4135 1193 4197 Rogo
1217 4135 1279 4184 P.
1299 4134 1359 4184 C.
1382 4148 1449 4183 ne
1467 4150 1550 4185 me

486 4209 685 4272 wantis
723 4209 999 4274 implora-re
1036 4210 1283 4261 auxilium
1318 4210 1550 4262 tribuno-

1650 725 1802 779 rum!
1865 728 1945 778 In·
1964 741 2027 777 eo
2049 724 2274 779 dlfficilis
2310 720 2452 779 actio
2474 741 2568 780 acu
2586 727 2723 780 ultio

1652 803 1903 869 Helvidii,
1925 804 2061 869 quod
2098 809 2302 854 secreta
2333 803 2523 853 fuisset
2543 805 2723 855 adula-

1654 879 1728 928 tio
1751 894 1842 929 seu
1865 880 2058 929 delatio
2082 879 2220 928 Pub.
2255 879 2397 929 Certi
2418 896 2434 939 ς
2458 886 2551 930 aut
2572 888 2725 931 certe

1656 956 1863 1004 occulta
1882 955 2079 1019 scripta
2114 955 2247 1004 illius
2276 962 2546 1005 asservata
2562 956 2616 1006 in
2640 970 2723 1005 sa-

1657 1032 1846 1095 crario,
1867 1037 1923 1081 et
1944 1031 2082 1080 inter
2103 1031 2499 1081 commentarios
2531 1031 2725 1096 prinei·

1656 1107 1821 1169 pales,
1857 1104 1944 1172 qui
1988 1119 2088 1155 uon
2134 1111 2332 1156 temere
2372 1104 2725 1170 vulgabantur

1655 1189 1874 1247 propter
1912 1197 2102 1233 arcana
2123 1183 2505 1234 dominationis.
2574 1185 2724 1235 Solus

1654 1258 1897 1323 princeps
1937 1259 2331 1308 commentarios
2369 1260 2526 1308 hosce
2560 1274 2723 1324 quan·

1653 1334 1824 1400 doque
1836 1334 1889 1384 ln
1906 1333 2061 1384 rebus
2076 1333 2384 1398 gravissimis
2396 1335 2722 1401 proferebat,

1651 1411 1788 1475 quod
1811 1416 1960 1475 patet
1983 1411 2049 1460 de
2069 1409 2277 1461 Tiberio
2299 1409 2437 1472 apud
2458 1410 2720 1474 Tacitum,

1648 1492 1705 1536 et
1746 1486 1901 1536 etlam
1942 1486 2080 1551 apud
2113 1486 2432 1547 Suetonium,
2456 1492 2550 1536 aut
2574 1494 2723 1537 certe

1649 1561 1991 1612 damnandum
2035 1575 2181 1611 reum
2230 1561 2393 1611 tacite
2431 1561 2720 1628 indicabat,

1648 1650 1709 1685 ac
1731 1636 1975 1686 vindictae
2010 1636 2387 1701 permittebat3
2417 1638 2557 1704 quod
2586 1646 2718 1702 puto

1646 1712 1923 1775 contigisse
1945 1712 1997 1761 in
2019 1712 2121 1761 ista
2139 1712 2235 1761 hac
2255 1712 2549 1763 occasione.
2578 1714 2718 1765 Nam

1643 1787 1891 1850 Trajauus
1916 1785 2067 1836 affuit
2078 1787 2136 1835 in
2155 1794 2355 1851 senatu,
2394 1802 2514 1837 cum
2536 1788 2721 1838 defen-

1646 1860 1862 1912 deretur
1911 1862 2205 1925 Helvidins,
2269 1868 2326 1913 et
2372 1864 2720 1915 lacesseretur

1648 1936 1853 1987 Certus.
1922 1939 1938 1967 ‘
1962 1940 2032 1988 Et
2069 1939 2305 1988 relationi
2325 1940 2535 2005 quidem
2559 1942 2627 1991 dc
2650 1957 2719 1993 co

1645 2011 1853 2076 [Certo]
1872 2014 2049 2063 Cesar
2066 2011 2234 2062 affuit.
2267 2011 2488 2064 Obtinui
2503 2016 2723 2079 tamen,’.

1646 2087 1818 2151 inquit
1861 2088 2078 2151 Plinius,
2125 2089 2143 2116 ‘
2182 2089 2321 2154 quod
2364 2090 2718 2143 intenderam.

1644 2164 1780 2214 Nam
1821 2166 2022 2229 collega
2058 2165 2204 2215 Certi
2232 2167 2578 2228 consulatum,
2600 2182 2718 2217 sue-

1645 2252 1899 2288 cessorem
1929 2239 2069 2303 [scil.
2098 2239 2352 2303 designati
2390 2242 2721 2309 consulatus]

1644 2314 1833 2365 Certus
1854 2315 2080 2379 accepit,
2118 2318 2372 2381 planeque
2394 2316 2592 2367 facturn
2608 2316 2717 2383 est,

1644 2392 1782 2454 quod
1804 2391 2036 2441 dixeram
2057 2392 2110 2441 in
2126 2391 2262 2442 finet
2299 2393 2489 2443 reddat
2506 2396 2720 2459 praemi-

1642 2479 1728 2513 um
1760 2466 1856 2516 sub
1879 2467 2075 2531 optimo
2100 2468 2350 2532 principe,
2374 2469 2509 2534 qnod
2540 2485 2572 2519 a
2594 2485 2719 2535 pea-

1639 2541 1767 2592 simo
1805 2543 2039 2607 accepit.
2057 2578 2070 2592 .
2085 2578 2099 2594 .
2120 2577 2133 2591 .
2153 2543 2366 2593 Accidit
2416 2543 2716 2610 fortuitum,

1638 2619 1729 2668 sed
1762 2635 1861 2670 uon
1900 2629 2144 2687 tanquam
2174 2621 2464 2686 fortuitum,
2489 2624 2627 2687 [scil.
2654 2625 2714 2676 id

1636 2692 1910 2746 fortuitum
1933 2704 2067 2759 erat,
2106 2697 2198 2746 sed
2220 2711 2321 2747 non
2347 2699 2494 2762 qimai
2527 2698 2718 2749 fortui-

1638 2778 1765 2836 tum,
1787 2780 1844 2822 ut
1882 2774 1934 2821 in
1958 2762 2065 2823 'reo
2095 2774 2420 2837 sanguinario
2445 2774 2716 2826 existima-

1637 2846 1814 2910 batur]
1851 2849 1991 2913 quod
2029 2849 2182 2897 editis
2218 2848 2361 2898 libris
2393 2848 2487 2913 [de
2508 2851 2713 2902 ultione

1636 2923 1749 2971 scil.
1774 2922 2030 2984 Helvidii]
2074 2923 2262 2972 Certus
2282 2923 2421 2973 intra
2457 2926 2713 2989 paucissi-

1636 3012 1746 3048 mos
1779 2999 1889 3047 dies
1920 2998 2201 3062 implicitus
2243 2999 2421 3049 morbo
2463 2999 2714 3052 decessit.

1636 3074 1826 3124 Audivi
1878 3074 2182 3138 referentes,
2236 3077 2370 3124 hanc
2423 3076 2707 3139 imaginem

1633 3150 1794 3200 menti
1838 3150 1965 3214 ejus,
2017 3150 2153 3199 hanc
2200 3150 2366 3199 oculis
2411 3150 2712 3216 oberrasse,

1633 3231 1877 3291 tanquam
1910 3225 2113 3275 viderat
2150 3225 2454 3276 Helvidium
2487 3242 2711 3293 respon·

1633 3299 1757 3350 dere
1804 3300 1926 3349 mihi
1951 3316 1964 3349 ε
2024 3314 2209 3349 verane
2266 3301 2401 3362 baec,
2446 3301 2709 3354 affirmare

1632 3392 1733 3426 non
1758 3377 1936 3426 ausim.
2003 3376 2233 3426 Interest
2258 3384 2430 3426 tamen
2460 3380 2713 3444 exempli,

1631 3459 1689 3501 ut
1710 3466 1838 3501 vera
1858 3452 2170 3502 videantur!
2232 3453 2373 3504 Puto
2392 3454 2709 3507 Helvidium

1632 3534 1871 3576 necatum
1890 3526 2047 3577 fuisse
2069 3528 2120 3576 in
2162 3541 2375 3578 carcere
2406 3529 2522 3578 scil.
2546 3531 2710 3582 elisa

1630 3605 1728 3668 ipsi
1766 3607 1950 3670 laqueo
1972 3608 2156 3655 fauces
2178 3620 2209 3655 a
2230 3605 2510 3666 carnificc;
2556 3609 2707 3671 quod

1629 3682 1681 3729 in
1723 3689 1960 3730 senatore
2003 3682 2181 3745 populi
2226 3683 2376 3731 Rom.
2411 3683 2712 3733 crudeliati·

1628 3771 1780 3806 mum.
1848 3757 1966 3807 Hoc
2013 3755 2144 3806 fecit
2199 3765 2419 3807 cruenta
2467 3758 2709 3809 adulatio

1630 3833 1807 3882 Certi:
1850 3847 1914 3882 an
1938 3833 2068 3897 aliis,
2089 3840 2148 3882 ut
2172 3833 2389 3882 Rustico
2411 3839 2470 3883 et
2488 3834 2709 3885 Seneci-

1629 3909 1733 3970 oni,
1761 3908 1778 3937 ‘
1804 3906 2019 3958 liberum
2062 3909 2240 3959 mortis
2269 3908 2540 3957 arbitrium
2578 3924 2707 3973 per-

1627 3984 1892 4047 misen-inq
1927 3984 2198 4033 incertum.
2263 3984 2385 4034 Huc
2410 3992 2586 4034 tamen
2624 3986 2708 4036 in-

1626 4060 1800 4119 clino;
1838 4073 1953 4107 nam
1992 4066 2048 4109 et
2088 4059 2175 4108 isti
2214 4059 2437 4123 intelligi
2482 4068 2709 4123 possunt

1630 4134 1767 4184 iuter
1802 4136 1935 4200 illos,
1977 4135 2044 4184 de
2079 4135 2264 4199 quibus
2289 4135 2507 4186 Sueton.
2534 4135 2707 4188 Dan.

1631 4214 1709 4262 11.
1740 4211 1758 4239 ⁶
1778 4210 2041 4263 Quosdam
2052 4210 2471 4276 majestatisreos
2486 4210 2545 4262 in
2563 4213 2711 4266 curi·
