3000 4859
501 354 679 422 ⁸472

1213 373 1279 421 0.
1329 372 1692 422 CORNELH
1740 373 1993 423 ‘uerri

508 511 795 582 vincere‘
817 514 1215 598 inglorium‚⁸
1241 521 1308 579 et
1333 517 1526 582 atteri
1553 515 1942 595 sordidum*
1969 465 2426 585 arbitrabatur.
2475 518 2709 586 Minus

1502 774 1713 824 Nom:

508 931 757 997 principis
776 937 867 983 aut
889 933 1229 998 popularium,
1259 941 1315 984 et
1346 935 1569 986 auctori.

506 1015 618 1059 tate
642 1021 781 1071 saepe
804 1009 1005 1071 legatos
1039 1010 1431 1072 praecellebant.
1497 1013 1570 1062 Et

507 1083 561 1133 in
605 1082 658 1131 id
700 1096 764 1132 eo
807 1083 975 1131 acrius
1019 1083 1405 1146 incumbebant,
1444 1086 1569 1150 quia

505 1159 752 1220 minores,
772 1165 830 1207 ut
866 1159 974 1209 scil.
1014 1169 1264 1223 praetores
1288 1162 1569 1224 anteirent,

507 1235 642 1285 tales
662 1234 889 1284 homines
911 1233 1119 1284 fovente
1141 1242 1197 1285 et
1217 1237 1455 1286 consulto
1476 1238 1568 1286 im·

505 1311 739 1375 pellente
762 1311 1017 1375 principe,
1038 1319 1099 1361 ut
1121 1318 1175 1363 et
1199 1313 1296 1377 ipsi
1334 1321 1568 1364 rectores

507 1387 888 1451 provinciarum
939 1388 1299 1451 observarent,
1343 1391 1568 1440 custodi-

508 1471 728 1529 rentque
750 1466 893 1516 velut
914 1467 1179 1530 emissarii,
1198 1467 1489 1530 &renovas-ai
1513 1474 1569 1517 et

506 1540 863 1606 inquisitores:
903 1545 1134 1604 quamvis
1174 1544 1272 1592 sibi
1313 1545 1476 1608 magis
1517 1545 1567 1594 lii

506 1616 778 1666 studerent
815 1631 978 1681 saepe,
1006 1633 1156 1683 quam
1196 1620 1280 1669 vel
1323 1619 1571 1683 principi,

507 1694 592 1742 vel
618 1693 954 1757 Reipublicae.

571 1773 815 1823 Adversas
854 1773 1076 1837 muscas]
1137 1771 1226 1822 Sic
1270 1772 1336 1822 de
1385 1770 1571 1822 Africa

506 1849 646 1899 Hist.
688 1864 761 1899 ιν.
800 1852 883 1898 43.
918 1850 934 1875 ‘
959 1850 1209 1913 AEquatus
1244 1848 1385 1898 inter
1409 1848 1568 1897 duces

506 1923 873 1975 beneficiorum
939 1939 1196 1984 numerus,
1267 1931 1321 1974 et
1395 1925 1568 1974 mixtis

505 2003 775 2066 utriusque
819 2002 1094 2063 mandatis,
1132 2000 1390 2051 discordia
1430 2015 1568 2065 qum-

502 2078 606 2127 sita
628 2068 913 2143 auctaque:
947 2093 1107 2141 pravo
1127 2078 1411 2128 certamine
1433 2077 1570 2140 lega·

505 2157 675 2202 torum
703 2153 790 2215 jus
827 2153 1073 2215 adolevit,
1094 2153 1434 2202 diuturnitate
1457 2150 1565 2202 offi-

505 2227 593 2288 cii,
618 2228 701 2277 vel
738 2227 858 2297 quia
893 2227 1175 2277 minoribus
1212 2228 1378 2290 major
1402 2217 1564 2276 'aemu-

502 2303 644 2354 laudi
667 2318 820 2362 citra:
863 2304 1224 2367 proconsulum
1258 2303 1564 2366 splendidis·

505 2380 661 2430 simus
678 2378 912 2445 quisque,
933 2379 1199 2428 securitati
1229 2379 1390 2444 magis
1412 2394 1564 2444 quam

504 2456 754 2521 potentioe
772 2454 1145 2505 consulebant)

572 2532 811 2594 Collega]
842 2533 999 2582 Certe
1023 2539 1388 2594 procuratores
1412 2545 1567 2597 quan-

503 2608 675 2673 doque
697 2608 918 2658 adhibiti
949 2622 980 2656 a
1017 2608 1321 2670 proconsule
1356 2609 1406 2655 in
1424 2607 1564 2670 judi-

504 2685 598 2733 ciis
632 2690 690 2732 et
732 2684 974 2746 negotiis,
1010 2684 1094 2732 vel
1137 2683 1444 2732 necessitate
1486 2699 1564 2732 re·

502 2772 635 2822 rum,
664 2760 746 2807 vel
766 2761 920 2811 etiam
933 2759 1083 2822 jussu
1108 2757 1372 2822 principis.
1426 2757 1565 2808 Plin.

503 2835 658 2900 epist.
690 2847 743 2884 x.
764 2838 847 2884 90.
880 2835 895 2862 ‘
925 2833 1247 2895 Nicensibus,
1284 2835 1371 2898 qui
1409 2834 1566 2883 intes·

502 2918 727 2961 tatorum
767 2911 955 2961 civium
1008 2924 1214 2960 suorum
1268 2924 1563 2960 concessam

502 2987 905 3038 vindicationem
942 2986 1192 3037 bonorum
1227 3001 1258 3035 a
1292 2987 1433 3038 Divo
1456 2986 1564 3036 Au-

501 3071 653 3127 gusto
674 3062 948 3125 affirmant,
966 3063 1183 3113 debebis
1215 3077 1422 3124 vacare,
1441 3076 1563 3112 con·

503 3139 687 3190 tractis
730 3139 968 3188 omnibus
1024 3138 1276 3200 personis,
1316 3138 1381 3187 ad
1424 3137 1563 3188 idem

500 3217 770 3280 negotium
849 3216 1251 3279 pertinentibus,
1320 3215 1561 3265 adhibitis

502 3290 684 3341 Virdio
724 3290 1033 3351 Gemellino,
1074 3298 1129 3339 et
1177 3288 1457 3352 Epimacho
1502 3289 1560 3339 li-

499 3365 651 3416 berto
683 3381 799 3415 meo
839 3366 1273 3429 procuratoribus,
1309 3372 1389 3427 ut,
1423 3366 1562 3415 aesti·

500 3442 655 3492 matis
676 3442 831 3491 etiam
854 3442 916 3490 iis
936 3457 1051 3507 quae
1086 3449 1268 3490 contra
1299 3441 1559 3502 dicuntur,

501 3517 638 3584 quod
650 3519 898 3583 optimum
920 3519 1270 3581 credideritis,
1283 3518 1561 3569 statuatis.'

567 3596 696 3646 Cum
728 3596 826 3645 boc
871 3604 1043 3645 tamen
1068 3594 1388 3657 discrimine,
1421 3594 1560 3659 quod

502 3672 598 3726 sub
631 3672 777 3722 malls
816 3673 1138 3736 principibus
1174 3673 1344 3723 liberti
1371 3679 1423 3721 et
1447 3687 1563 3736 pro·

499 3754 764 3800 curatores
804 3749 1196 3811 proconsulibus
1237 3748 1562 3799 dominaren-

498 3835 602 3887 tur,
623 3831 679 3874 et
703 3831 902 3876 tantum
925 3837 989 3871 ex
1018 3823 1229 3874 arbitrio
1252 3824 1562 3873 nebulonum

497 3902 628 3952 fides
665 3899 1067 3951 clarissimorum
1098 3899 1323 3948 virorum
1357 3904 1561 3964 specta-

499 3985 678 4040 retur;
736 3983 791 4026 at
847 3983 1051 4035 contra,
1095 3974 1259 4024 bouus
1317 3975 1560 4038 princeps

497 4065 604 4103 non
639 4053 857 4104 baberet
893 4049 1045 4099 fidem
1087 4050 1433 4114 procuratori,
1462 4048 1559 4099 uisi

497 4128 552 4177 h
590 4137 834 4194 quiantum
875 4126 1162 4190 proconsuli
1183 4126 1235 4175 in
1257 4126 1479 4191 negotiis
1504 4132 1560 4177 et

497 4204 798 4257 ministeriis
818 4217 875 4255 se
895 4202 1252 4269 approbasset.

1714 938 1868 990 Quod
1891 943 2040 1003 patet
2062 952 2127 986 ex
2149 936 2227 985 his
2256 935 2412 985 Plinii
2451 934 2621 999 Epist.
2650 948 2712 985 x.

1646 1019 1729 1066 91.
1767 1016 1785 1044 ‘
1807 1015 2088 1064 Maximum
2122 1013 2360 1062 libertum
2386 1016 2438 1059 et
2462 1025 2712 1075 procura-

1648 1097 1814 1140 torem
1846 1097 2009 1152 tuum,
2031 1089 2250 1150 domine,
2283 1102 2376 1151 per
2406 1102 2558 1136 omne
2581 1095 2715 1138 tem·

1647 1183 1762 1230 pus,
1784 1181 1886 1232 quo
1903 1165 2091 1215 fuimus
2111 1179 2231 1227 una,
2270 1164 2504 1229 probum,
2536 1164 2711 1213 indus·

1650 1243 1806 1292 trium
1829 1255 1883 1291 et
1904 1242 2236 1306 diligentem
2259 1254 2319 1289 ac
2338 1241 2475 1289 sicut
2499 1240 2576 1289 rei
2600 1247 2710 1289 tun

1649 1317 2067 1377 amantissimum,
2084 1316 2160 1366 ita
2175 1315 2462 1378 disciplina
2480 1315 2711 1365 'tenacis-

1648 1393 1828 1442 simum
1872 1399 2140 1457 expertus,
2183 1392 2410 1441 libenter
2466 1391 2607 1455 apiid
2652 1399 2712 1441 te

1650 1469 1943 1520 testimonio
1978 1482 2276 1533 persequor,
2306 1481 2370 1515 ea
2398 1464 2521 1528 fide,
2551 1481 2710 1531 quam

1650 1547 1744 1597 tibi
1758 1545 1964 1606 debeo?

1714 1622 1863 1673 Quod
1900 1626 1957 1670 et
1996 1624 2297 1683 usurpatum
2334 1618 2386 1666 in
2427 1617 2540 1667 aliis
2573 1631 2710 1680 prae·

1647 1696 1826 1760 fectis,
1870 1712 1958 1747 seu
2022 1696 2208 1758 legatis
2254 1693 2605 1752 vicinioribus,
2645 1699 2709 1742 ut

1647 1774 1802 1822 etiam
1827 1779 1974 1837 patet
1994 1787 2060 1821 ex
2088 1770 2323 1835 sequenti
2347 1770 2592 1834 epistol„
2630 1769 2710 1820 ita

1648 1856 1708 1902 ut
1730 1851 1778 1898 in
1802 1849 2019 1912 negotiis
2042 1846 2367 1912 perficiendis
2388 1854 2569 1896 mutuo
2588 1859 2712 1895 con·

1648 1925 1921 1976 sentirent.
1970 1925 2107 1973 Pliu.
2134 1924 2297 1987 Epist.
2320 1927 2402 1974 98.
2433 1925 2450 1950 ‘
2474 1921 2709 1972 Gabium

1648 2000 2117 2063 Bassum,domine,
2133 1997 2435 2063 praefectum
2444 2012 2553 2049 orae
2570 1999 2709 2049 Pon-

1651 2077 1788 2137 ticae,
1824 2078 2099 2139 integrum,
2128 2075 2365 2139 probum,
2385 2081 2546 2139 atque
2568 2075 2709 2124 inter

1644 2153 1743 2203 ista
1781 2153 2241 2203 reverentissimum
2277 2153 2396 2212 mei,
2433 2160 2709 2216 expertus,

1646 2237 1764 2281 voto
1802 2230 1998 2294 pariter
2036 2236 2091 2279 et
2114 2226 2358 2292 suffragio
2384 2226 2704 2293 prosequor:

1642 2311 1744 2358 sce.

1710 2381 1727 2416 s
1762 2382 1978 2447 Vincere]
2033 2381 2263 2430 Mediam
2315 2379 2451 2429 viam
2493 2378 2707 2443 inierat,

1643 2460 1716 2510 ita
1738 2469 1795 2509 ut
1823 2474 1990 2524 neque
2012 2459 2192 2507 vincae
2214 2457 2373 2506 vellet
2394 2456 2526 2506 talea
2546 2456 2708 2506 humi·

1643 2550 1754 2597 nes,
1791 2534 1925 2600 qnod
1957 2534 2053 2597 ipsi
2090 2532 2377 2594 inglorium:
2416 2545 2587 2595 neque
2630 2539 2707 2580 ta·

1642 2625 1761 2660 men
1804 2608 1941 2658 infra
1978 2609 2120 2671 ipsos
2160 2607 2362 2670 videri,
2407 2615 2501 2657 aut
2535 2607 2710 2671 atteri,

1642 2701 1731 2736 seu
1755 2685 2016 2735 contemni
2038 2700 2092 2733 se
2115 2698 2213 2732 non
2240 2691 2537 2748 pateretur3
2562 2682 2707 2748 quod

1644 2762 1916 2826 splendido
1946 2761 2055 2810 viro
2076 2759 2332 2822 sordidum,
2353 2767 2527 2823 turpe,
2548 2765 2605 2808 et
2630 2759 2707 2808 in·

1643 2837 1855 2902 dignum
1878 2835 2034 2887 foret.

1707 2922 1733 2959 s
1766 2912 2051 2976 Ingloriam]
2086 2912 2151 2963 Id
2187 2922 2240 2962 ct
2267 2912 2536 2978 sequentia
2556 2913 2706 2964 intel·

1643 2990 1747 3055 lige
1767 2997 1966 3040 tantum
1991 2990 2054 3039 de
2078 2989 2514 3053 procuratoribus,
2539 3005 2571 3039 a
2592 2990 2705 3055 qui-

1640 3065 1736 3115 bus
1772 3066 2071 3131 plerumque
2092 3063 2413 3113 dissidebant
2434 3065 2592 3129 legati
2612 3080 2707 3115 seu

1642 3143 2009 3207 proconsules;
2073 3154 2178 3190 non
2221 3139 2286 3189 de
2324 3140 2537 3203 collegis
2582 3155 2705 3204 pro·

1641 3219 1774 3282 prie‚
1810 3219 1897 3283 qui
1933 3217 2070 3267 forte
2107 3223 2199 3266 aut
2241 3230 2449 3264 munere
2490 3215 2701 3281 aquales

1643 3301 1830 3344 essent.
1874 3293 1961 3343 Sic
1980 3293 2033 3342 iu
2056 3292 2307 3356 Hispania
2335 3301 2703 3356 procuratores

1643 3370 1885 3432 Neronis,
1924 3370 2242 3432 provinciam
2286 3370 2581 3417 lacerantes
2624 3384 2703 3418 re·

1638 3446 1897 3511 primebat
1931 3445 2121 3508 Galba,
2152 3451 2207 3495 et
2239 3445 2483 3504 carmina,
2505 3459 2623 3508 qnae
2647 3445 2702 3495 in

1638 3538 1754 3572 eum
1793 3523 2251 3587 componebantur,
2286 3537 2392 3571 nou
2425 3521 2705 3586 aegrefere·

1643 3599 1752 3663 bat,
1771 3608 1862 3651 aut
1890 3600 2147 3664 abolebat,
2184 3606 2241 3649 nt
2275 3599 2479 3650 scelesti
2508 3597 2704 3652 liberti.

1639 3677 1972 3727 Plutarchus.

1704 3752 1730 3787 ¹¹
1776 3755 1939 3803 Δίωνι·
1991 3750 2255 3814 sordidum]
2317 3750 2535 3800 Senecae
2585 3754 2699 3800 est:

1637 3830 1661 3880 ‘.
1679 3831 1809 3880 Cum
1852 3829 2115 3893 superiore
2165 3826 2497 3887 contendere,
2543 3823 2702 3874 furio·

1640 3920 1786 3966 sum;
1838 3919 1953 3953 cum
1998 3903 2128 3966 pari,
2174 3917 2396 3967 anceps5
2460 3915 2580 3950 cnm
2622 3899 2703 3951 in·

1640 3981 1850 4043 feriore,
1868 3979 2166 4030 sordidum!
2626 4031 2637 4040 ,

1704 4059 1775 4108 Et
1805 4057 1892 4107 lib.
1915 4070 1956 4105 1.
1980 4056 2046 4105 de
2071 4056 2233 4105 Clem-
2256 4067 2374 4117 cap.
2396 4057 2478 4104 21.
2507 4058 2705 4117 monet,

1636 4133 1653 4161 ‘
1678 4149 1710 4183 a
1745 4132 2066 4198 quibusdam,
2104 4144 2208 4180 non
2241 4130 2394 4179 aliter
2437 4143 2591 4194 quam
2629 4128 2700 4180 ab

1638 4209 1941 4261 animalibus
1960 4207 2133 4273 parvis
2171 4212 2229 4258 et
2263 4205 2594 4257 obterentem
2621 4203 2699 4282 ing·
