3000 4859
2325 341 2521 428 31193

299 509 518 595 prima
540 505 935 578 discentium
961 512 1306 590 elementa,
1332 511 1403 575 in
1438 512 1681 595 quibus
1703 517 1771 578 et
1802 510 1977 594 ipsis
2005 529 2244 595 parum
2271 511 2499 577 clabos

297 621 519 679 ratur:
560 634 681 678 nec
709 616 778 678 in
805 615 1189 678 auctoribus
1219 614 1747 696 cognoscendis,
1787 631 1913 676 nec
1940 611 2304 677 evolvenda
2332 614 2511 677 anti-

301 716 577 796 quitate,
605 733 730 778 nee
756 715 827 778 in
854 715 1138 779 notitia¹²
1172 716 1276 778 vel
1301 734 1540 792 rerum,
1585 715 1690 779 vel
1714 713 2073 791 hominum,
2102 714 2212 778 vel
2240 718 2515 797 tempo--

297 833 444 880 mm
469 817 638 880 satis
666 835 891 899 operte
919 816 1289 881 insumitur.

382 917 495 982 30.
547 917 683 982 Sed
737 924 1187 1002 expetuntur,¹
1208 918 1234 955 ‘¹
1288 938 1460 1002 quos
1505 913 1785 980 rhetoras
1828 921 2113 982 vocant:
2182 923 2495 999 quorum²

295 1016 621 1101 professio
677 1017 945 1100 quando
999 1018 1280 1101 primum
1335 1020 1402 1082 in
1452 1019 1623 1083 hanc
1675 1018 1903 1083 urbem
1957 1016 2330 1082 introducta
2381 1017 2494 1096 sit,

295 1137 627 1203 quamque
670 1119 917 1183 nnllam
963 1117 1147 1201 apud
1189 1120 1473 1203 majores
1512 1124 1774 1184 nostros
1803 1120 2262 1185 auctoritatem
2284 1118 2497 1183 habu'-

297 1220 473 1299 erit,³
506 1219 735 1286 statim
763 1219 1116 1299 dicturus,⁴
1131 1228 1155 1256 ⁶
1193 1220 1470 1287 reseram
1495 1240 1765 1286 necesse
1790 1226 1892 1287 est
1918 1223 2208 1286 animum
2232 1219 2319 1284 ad
2345 1231 2496 1287 eam'

1015 365 1417 429 nunoous,
1464 367 1629 417 cu.
1671 350 1782 418 ³0.

1247 1381 1479 1403 ‘m
1482 1381 1570 1402 000

295 1480 415 1530 illoc.
483 1480 687 1544 Lipsius
706 1481 941 1532 mutavit.
943 1488 1072 1533 —12
1111 1483 1198 1533 Sic
1222 1483 1469 1533 Pichena.
1538 1483 1691 1533 Prius
1709 1489 1820 1534 erat
1841 1481 1893 1533 ἂι
1922 1482 2158 1534 nutilium.

360 1548 387 1593 1
425 1543 509 1595 Ita
536 1547 664 1595 bene
704 1547 909 1610 Lipsius
933 1553 989 1596 et
1026 1548 1361 1598 recentiores.
1428 1547 1490 1597 In
1530 1547 1798 1599 veteribus
1819 1549 2151 1609 editionibus,
2170 1550 2493 1610 expectantur.

295 1609 520 1658 Brotier.
521 1615 618 1658 —2
652 1611 920 1660 Editiones
945 1618 1169 1675 veteres,
1184 1617 1239 1661 ιιι
1456 1616 1569 1662 .-—8
1594 1614 1735 1662 Male
1757 1613 2044 1676 libriediti‚
2079 1584 2275 1669 Μ’ὁιιίις
2308 1618 2363 1661 ιιι
2378 1611 2492 1674 jam

291 1672 490 1723 monuit
511 1671 819 1726 Gronovius.
821 1678 917 1725 —4
949 1676 1217 1768 Brotierus
1257 1685 1313 1726 et
1356 1676 1582 1741 Ryckius
1617 1678 1851 1728 scribunt
1882 1681 2048 1727 statim
2081 1678 2309 1726 dauns:
2341 1683 2397 1726 et
2417 1676 2494 1727 ita

1278 1871 1501 1924 NOTAE

352 2004 375 2033 ⁶
410 1998 512 2051 Nec
532 1999 864 2053 humoribus
881 2001 1228 2066 emendis]
1263 2000 1349 2052 Ci-

290 2087 442 2127 ceroz
506 2077 523 2107 ⁸
564 2077 784 2128 Brutum
832 2084 995 2128 totum
1045 2079 1348 2142 cognovisse

290 2147 730 2208 Demosthenem!
795 2158 1020 2208 Fabius:
1051 2157 1068 2187 ‘
1087 2158 1346 2208 Auctores

286 2231 492 2280 maximi
516 2233 589 2281 sic
610 2233 908 2296 diligentins
932 2231 1346 2297 cognoscuntur!

286 2303 358 2356 Et
381 2313 438 2357 tu
461 2321 719 2371 cognosce
741 2308 975 2357 Fabium.

354 2383 720 2446 Cognosoendis]
768 2383 1099 2445 Evolvendis,
1135 2384 1258 2433 dein
1292 2389 1349 2434 et

287 2457 643 2521 excerpendis,
662 2459 796 2507 unde
814 2463 987 2508 manat
1007 2458 1347 2524 provenitque

287 2530 490 2582 fructus
513 2534 665 2597 longe
685 2534 916 2598 amplior.
972 2534 1059 2583 Sic
1083 2540 1250 2596 notos,
1271 2534 1347 2584 sic

286 2604 567 2658 familiares
595 2616 652 2657 et
690 2609 882 2658 amicos
917 2613 1155 2659 auctores
1192 2609 1349 2660 habe-

286 2695 419 2744 mus,
439 2697 541 2732 non
575 2689 634 2733 nt
665 2684 898 2746 hospites
923 2690 1121 2734 tanturn
1145 2685 1349 2750 experi-

284 2772 417 2820 mur,
431 2765 523 2807 aut
540 2760 931 2822 pertransimus,
947 2766 1004 2810 et
1024 2760 1199 2810 statim
1216 2760 1347 2810 obli·

287 2832 545 2885 viscimur.

353 2908 414 2957 In
444 2908 711 2959 madoribus
729 2909 1076 2973 cognoscendis]
1124 2910 1345 2962 Quintil.

285 2983 323 3032 1.
349 2996 410 3034 ιι.
433 2990 484 3034 6.
517 2989 534 3013 ‘
561 2986 781 3037 Quidam
807 2986 924 3035 illos
956 2986 1175 3035 minores
1203 2984 1345 3047 [uue-

282 3057 449 3122 tores]
485 3060 604 3125 quia
624 3059 829 3112 facilior
852 3076 1027 3112 eornm
1048 3062 1345 3112 intellectus

282 3134 577 3195 videbatur,
592 3136 969 3200 probaverunt:
1006 3136 1095 3187 alii
1111 3135 1344 3187 floridius

283 3223 472 3273 genus,
503 3215 563 3259 ut
598 3209 665 3260 ad
704 3211 890 3261 alenda
920 3211 1201 3274 primarum
1225 3218 1346 3261 κιο·

201 3327 208 3335 .
283 3291 395 3335 ιιιιιι
438 3285 642 3351 ingenia
683 3287 847 3347 magis
881 3287 1341 3337 accommodatum.

285 3361 402 3424 Ego
444 3361 665 3425 optimos
706 3361 915 3425 quidem
960 3368 1017 3412 et
1059 3363 1235 3412 statim
1289 3369 1348 3413 et

285 3450 507 3499 semper,
539 3437 633 3487 sed
657 3443 830 3486 tamen
850 3451 1028 3487 eorum
1051 3438 1347 3489 candidissi-

279 3525 420 3561 mum
446 3526 719 3577 quemque,
736 3519 792 3562 et
812 3512 1030 3562 maxime
1052 3514 1344 3578 expositum

285 3590 472 3640 velim:
527 3597 586 3639 ut
631 3590 831 3640 Livium
877 3606 907 3640 a
956 3592 1130 3654 pueris
1181 3592 1346 3656 magis

283 3680 439 3731 quam
460 3664 773 3729 Sallustium,
790 3672 844 3714 et
874 3667 959 3717 hic
990 3667 1214 3717 historie
1238 3681 1343 3717 ms-

273 3740 410 3808 joris
432 3747 512 3790 est
536 3747 750 3790 auctor:
783 3740 849 3790 ad
882 3757 1038 3806 quem
1073 3750 1245 3793 tamen
1268 3742 1343 3793 in·

282 3813 622 3879 telligendum
660 3814 772 3878 jam
815 3815 1055 3878 profectu
1092 3831 1222 3886 opus
1256 3818 1342 3867 sit.

282 3892 491 3953 Cicero,
527 3897 588 3941 ut
620 3890 742 3940 mibi
782 3890 986 3956 quidem
1023 3892 1249 3957 videtur,
1288 3899 1345 3944 et

272 3966 541 4034 jucundus
593 3965 957 4029 incipientibus
1011 3983 1236 4033 quoque,
1289 3973 1346 4020 et

281 4049 496 4108 apertus
517 4049 603 4091 est
622 4039 782 4090 satis:
817 4054 916 4090 nee
951 4042 1198 4106 prodesse
1236 4050 1346 4093 tsn-

282 4124 413 4179 tnm,
450 4115 543 4167 sed
584 4115 743 4166 etism
784 4115 945 4166 amari
988 4124 1181 4181 potest,
1235 4124 1345 4169 tum

281 4189 739 4260 (quemadmodum
776 4189 950 4241 Livius
989 4189 1251 4258 praecipit)
1285 4197 1346 4241 ιιι

1427 2001 1641 2066 quisque
1659 2000 1758 2051 erit
1772 1998 2010 2052 Ciceroni
2031 1998 2332 2049 simillimus.
2366 1998 2491 2050 Duo

1425 2084 1601 2126 autem
1626 2091 1813 2141 genera
1830 2075 2051 2126 maxime
2068 2074 2301 2125 cavenda
2319 2073 2492 2139 pneris

1426 2140 1584 2217 puto}
1620 2167 1803 2215 annm,
1815 2166 1883 2202 ne
1917 2152 2031 2216 quis
2063 2164 2152 2200 eos
2184 2151 2368 2201 nimius
2401 2150 2491 2200 ad·

1423 2228 1660 2291 mirator,
1682 2228 1735 2277 in
1752 2228 2127 2286 Gracchorum,
2149 2226 2491 2291 Catonisque,

1427 2310 1485 2352 et
1520 2304 1736 2354 allorum
1769 2299 2008 2355 similium
2043 2299 2269 2353 lectione
2312 2300 2492 2354 dures·

1427 2394 1550 2429 cere
1573 2377 1719 2429 velit.
1787 2381 1942 2431 Fient
1963 2382 2099 2431 enim
2118 2381 2312 2432 horridi
2330 2389 2490 2447 atque

1419 2454 1952 2518 jejuni-..Alternum
1990 2458 2128 2520 quod
2169 2458 2288 2507 huic
2321 2457 2489 2512 diver-2

1427 2546 1540 2581 sum
1579 2540 1681 2594 est,
1714 2546 1780 2581 ne
1814 2532 2037 2582 recentis
2077 2531 2225 2596 huJus
2263 2533 2491 2585 lascivias

1424 2605 1654 2657 flosculis
1706 2607 1872 2672 capti,
1931 2608 2201 2671 voluptate
2267 2610 2490 2673 quadam

1427 2698 1591 2748 prava
1613 2683 1947 2746 deliniantur,
1983 2685 2043 2734 ιιι
2076 2684 2339 2745 praedulce
2361 2685 2491 2735 illud

1425 2773 1586 2821 genus
1616 2765 1670 2809 et
1698 2759 1982 2823 puerilibus
2016 2759 2234 2821 ingeniis
2252 2759 2350 2810 lroe
2374 2774 2491 2824 gra·

1425 2836 1551 2898 tius,
1575 2849 1677 2899 quo
1700 2836 1913 2899 propius
1935 2842 2036 2896 est,
2053 2835 2314 2886 adament.
2379 2836 2489 2887 Fir·

1423 2910 1521 2959 mis
1542 2917 1717 2960 autem
1737 2909 1967 2973 judiciis,
1991 2909 2203 2973 jamque
2224 2917 2375 2960 extra
2396 2925 2487 2974 pe·

1424 2985 1640 3035 rit-ulum
1665 2985 1859 3049 positis,
1879 2986 2122 3035 suaserim
2155 2992 2212 3035 et
2248 2986 2486 3051 antiquos

1423 3060 1633 3123 legere‚’
1654 3064 1752 3110 &c-

1486 3133 1513 3169 ⁴¹
1537 3137 1861 3200 Expetuntur]
1889 3135 2044 3199 Soepe
2065 3141 2396 3199 amamur.-
2431 3145 2488 3189 et

1424 3210 1573 3261 sicin
1598 3219 1728 3261 vett.
1754 3209 1874 3261 edd.
1940 3212 2042 3261 Sed
2084 3217 2391 3276 expectantur
2429 3223 2490 3265 et

1427 3292 1735 3352 expetuntur,
1759 3286 1869 3338 fere
1892 3288 2072 3337 eodem
2096 3303 2265 3338 sensu.
2300 3290 2494 3354 Expec-

1425 3367 1612 3426 emar,
1634 3364 1747 3414 scil.
1768 3364 2003 3413 rhetores
2025 3377 2058 3411 a
2071 3364 2486 3431 juvenibus,‘qui

1424 3436 1632 3488 desides
1653 3440 1791 3488 ultro
1811 3446 1867 3488 et
1889 3439 2105 3500 inertes,
2126 3440 2303 3491 volunt
2331 3439 2486 3492 facile

1423 3511 1628 3564 discere
1650 3519 1707 3564 et
1728 3514 1839 3562 sine
1862 3513 1963 3562 ullo
1984 3513 2160 3563 labore
2183 3531 2197 3564 ε
2238 3521 2487 3579 expectant

1424 3591 1538 3641 scil.
1562 3591 1684 3641 dum
1719 3590 1955 3641 notitiam
1992 3590 2355 3656 historiamque
2379 3607 2485 3643 om-

1423 3666 1506 3715 nis
1526 3666 1624 3715 aevi
1657 3670 1714 3714 et
1748 3665 1973 3715 omnium
2008 3678 2178 3715 rernm
2208 3667 2488 3718 hominurn-

1423 3757 1526 3807 que
1548 3756 1611 3791 ae
1636 3748 1925 3803 temporum
1948 3741 2070 3805 ipsis
2089 3743 2336 3793 exhibeat
2353 3759 2486 3808 pra·-

1422 3824 1624 3868 sentem
1649 3831 1710 3867 ac
1728 3815 1931 3867 facilem
1956 3832 2115 3868 vanus
2130 3818 2483 3871 declamatore

1425 3893 1571 3957 quasi
1593 3906 1716 3943 vero
1731 3907 1815 3943 ars
1830 3894 2282 3956 excellentissima,
2303 3901 2358 3943 et
2377 3909 2485 3946 om·

1421 3970 1565 4020 nium
1605 3969 1791 4020 artium
1838 3971 2033 4033 regina,
2077 3971 2239 4033 possit
2287 3970 2486 4036 haberi,

1423 4045 1537 4095 sine
1574 4059 1720 4106 cura,
1762 4044 1873 4094 sine
1912 4044 2106 4109 studio,
2138 4050 2230 4096 ant
2267 4046 2484 4098 medita-

1423 4120 1566 4173 tione
1589 4122 1824 4186 proprisi

1490 4194 1724 4259 fastis·
1764 4196 1824 4254 de
1861 4193 2029 4261 curiis]
2075 4193 2159 4246 Ita
2205 4203 2263 4247 et
2314 4204 2483 4253 vetut
