3000 4859
1236 420 1637 473 mAhoctJS.

1326 628 1540 682 NOTAE

323 742 571 793 andentior
590 741 780 807 factus,
808 744 962 808 longe
983 744 1308 809 eloquentior
1328 751 1386 794 et

313 830 382 868 *se
424 818 539 882 ipso
584 817 919 882 profluentior
981 819 1215 881 videtur3
1267 820 1388 885 quia

324 893 439 944 scil.
466 908 568 943 non
590 908 684 944 sua
707 894 899 957 ingenii
932 892 1116 956 forma,
1141 894 1265 958 quia
1281 909 1385 944 non

327 967 482 1019 solita
502 968 708 1017 dicendi
730 969 928 1031 specie,
964 969 1054 1018 sed
1079 970 1388 1035 eloquentis-

325 1042 569 1094 simorum
587 1053 848 1094 oratorum
865 1044 1105 1095 facundia
1124 1052 1385 1108 uteretur3

329 1125 421 1168 aut
442 1128 605 1180 certe,
625 1121 745 1184 quia
767 1120 1022 1183 dignitate
1057 1130 1114 1171 et
1150 1124 1386 1187 amplitu-

324 1193 447 1244 dine
467 1196 701 1245 materias
723 1204 935 1246 evectus
947 1197 1057 1260 jam
1077 1198 1219 1248 velut
1239 1208 1390 1249 extra

327 1282 386 1319 se
430 1271 817 1333 prorumpebat.
882 1271 985 1320 Sed
1027 1273 1138 1322 baec
1172 1281 1228 1322 et
1263 1273 1389 1324 talia

321 1345 433 1409 Jam
464 1348 591 1395 satis
615 1346 791 1394 validis
818 1348 1135 1409 argumentis
1156 1347 1388 1399 confuta-

330 1420 404 1474 xit
426 1420 752 1470 doctissimus
790 1422 1015 1486 Lipsius.
1080 1423 1159 1472 An
1188 1424 1390 1488 aliquis,

329 1496 571 1562 quicquid
610 1498 894 1547 contendat
923 1504 978 1547 et
999 1497 1244 1560 enitatur,
1265 1500 1338 1548 ita
1357 1513 1392 1548 a

331 1586 387 1622 se
410 1573 525 1638 ipso
548 1588 753 1638 prorsus
777 1575 929 1624 abeat
952 1574 971 1623 ?
1012 1589 1078 1623 an
1117 1582 1258 1624 totus
1280 1576 1391 1640 ipse

329 1659 440 1697 sese
484 1649 536 1697 in
571 1648 724 1697 alium
761 1649 836 1698 sic
869 1650 1044 1699 statim
1082 1649 1392 1702 transferat?

326 1736 392 1772 an
415 1730 558 1774 totus
592 1738 624 1774 a
661 1724 813 1788 genio
855 1726 1065 1789 proprio
1097 1727 1174 1776 sic
1205 1726 1392 1779 descis-

329 1811 450 1848 cere
467 1798 621 1849 facile
644 1800 842 1863 possit?
874 1801 948 1850 ita
971 1807 1030 1850 ut
1052 1815 1154 1850 non
1175 1802 1393 1865 amplius

328 1882 655 1938 agnoscatur,
690 1883 746 1924 ut
767 1877 1054 1926 nullatenus
1077 1879 1184 1941 jam
1203 1894 1257 1927 se
1281 1879 1395 1942 ipse

328 1950 525 2001 referat
545 1958 635 2001 aut
657 1953 922 2002 exscribat
945 1955 964 2002 ?
1016 1953 1143 2005 Quis
1178 1968 1279 2004 non
1303 1969 1389 2018 ag·

329 2033 511 2077 noscat
549 2027 855 2078 Ciceronem
890 2034 980 2077 aut
1021 2030 1292 2078 Platonem
1335 2028 1389 2078 in

328 2101 566 2168 dialogis,
588 2103 915 2167 quantumvis
936 2118 993 2153 se
1018 2104 1121 2168 ipsi
1157 2104 1390 2154 dissimu-

332 2179 474 2230 lent?
510 2179 739 2246 qualmvis
760 2195 1006 2243 personas
1030 2182 1220 2233 alienas
1244 2183 1391 2233 sedu-

327 2257 384 2306 lo
421 2263 479 2305 et
511 2257 650 2305 serio
677 2255 943 2306 imitentur
967 2257 985 2304 ἰ
1030 2259 1157 2309 Quis
1182 2272 1282 2307 non
1306 2273 1391 2323 ag-

329 2337 510 2382 noscat
530 2332 775 2395 Tullium,
790 2339 844 2383 et
851 2333 1097 2396 juvenem
1119 2339 1173 2383 et
1197 2349 1392 2397 senem,

333 2416 388 2460 et
426 2422 798 2476 quamcumque
847 2407 1117 2457 materiam
1166 2410 1393 2459 tractet?

334 2485 464 2538 Quis
483 2499 586 2534 non
606 2493 661 2534 et
679 2491 921 2548 agnoscat
934 2484 1168 2532 Tacitum
1189 2498 1394 2548 semper

331 2560 410 2611 sui
447 2561 701 2611 similem?
750 2560 938 2625 Itaque
982 2560 1097 2609 leve
1144 2565 1201 2608 et
1239 2560 1390 2609 inane

334 2644 692 2700 argumentum
749 2636 950 2700 petitur
987 2647 1054 2684 ex
1111 2634 1210 2684 hoc
1260 2636 1393 2684 loco.

334 2712 518 2778 Neque
550 2718 696 2762 certe
735 2719 880 2775 aetas,
907 2724 1072 2775 neque
1096 2710 1270 2773 verba,
1299 2724 1396 2761 nec

334 2787 645 2852 eloquentia
667 2786 867 2849 species
902 2792 995 2836 aut
1029 2785 1194 2834 forma
1214 2800 1398 2836 conve-

332 2863 501 2913 niunt.
566 2863 637 2913 Et
661 2869 858 2911 tantum
880 2861 1027 2910 abest
1054 2868 1113 2909 ut
1133 2861 1398 2923 scripserit

329 2938 547 2988 Tacitus
562 2938 658 2986 sub
678 2937 1016 3000 Vespasiano,
1031 2941 1088 2995 ut
1106 2950 1172 2984 ne
1188 2935 1397 3000 quidem

332 3014 621 3079 imperante
661 3012 963 3062 Domitiano
1001 3011 1191 3075 stylum
1213 3011 1396 3075 attige-

334 3089 432 3139 rit:
486 3103 604 3137 nam
641 3086 805 3151 primo
850 3087 1048 3150 incepit
1088 3101 1397 3151 componere

335 3178 417 3213 res
438 3163 741 3225 Domitiani,
763 3168 823 3211 ut
849 3163 960 3225 ipse
990 3168 1235 3223 testatur,
1267 3177 1393 3227 quas

336 3248 482 3291 certe
514 3252 596 3288 res
635 3252 735 3287 non
774 3237 1133 3301 descripsisset
1170 3238 1283 3302 ipso
1304 3238 1395 3286 im·

338 3322 591 3380 perante;
640 3328 808 3377 neque
843 3314 932 3362 ille
965 3313 1100 3363 forte
1125 3313 1395 3367 materiam

338 3398 429 3442 aut
452 3390 721 3440 memorias
748 3390 864 3439 talis
886 3390 1114 3439 historiae
1148 3389 1395 3453 colligere

336 3480 489 3517 ausus
539 3465 692 3515 foret.
761 3465 917 3522 Dein,
965 3464 1192 3514 secundo
1256 3465 1396 3528 loco,

336 3542 539 3606 scripsit
559 3541 788 3591 Annales
824 3540 1071 3604 incipieus
1099 3540 1215 3589 scil.
1240 3555 1272 3588 a
1292 3539 1396 3589 tine

340 3616 580 3682 Augusti.
638 3617 779 3667 Nihil
798 3624 968 3666 autem
992 3615 1259 3679 scripsisse
1275 3621 1398 3663 ante

339 3694 532 3744 Nervae
579 3693 942 3758 principatum,
984 3692 1120 3741 clare
1153 3698 1298 3754 patet
1330 3706 1396 3740 ex

338 3771 419 3820 his
456 3770 637 3835 Agric.
675 3774 723 3819 8.
778 3771 794 3797 ‘
824 3770 977 3819 Nunc
1013 3768 1218 3818 demum
1263 3767 1399 3817 redit

341 3846 537 3895 animus
571 3845 663 3909 [de
690 3842 873 3893 studiis
896 3842 1143 3908 loquitur]
1166 3850 1222 3892 et
1243 3856 1399 3906 quan·

339 3937 491 3989 quam
515 3921 686 3985 primo
719 3921 894 3971 statim
928 3920 1205 3968 beatissimi
1226 3919 1400 3967 saeculi

342 4008 479 4062 ortu,
501 3999 681 4048 Nerva
701 3998 876 4047 Caesar
904 4009 986 4044 res
1020 3993 1139 4042 olim
1163 3993 1400 4043 dissocia-

342 4073 470 4125 bile·
491 4073 774 4133 miscuerit,
794 4068 1141 4134 principatum
1164 4082 1225 4116 ac
1248 4067 1400 4117 liber·

345 4153 525 4209 tatem,
546 4152 833 4211 augeatque
850 4142 1080 4209 quotidie
1093 4142 1400 4192 felicitatem

325 4222 547 4291 inperii
588 4224 768 4275 Nerva
807 4220 1061 4284 'trajanus
1090 4253 1104 4270 .
1126 4251 1167 4269 ..
1212 4225 1400 4271 natura

1465 751 1641 794 tamen
1678 742 1994 795 infirmitatis
2029 742 2261 795 humanm
2294 745 2525 798 tardiora

1464 827 1586 869 sunt
1606 819 1837 870 remedia
1868 834 2019 884 quam
2041 820 2203 880 mala;
2253 828 2308 871 et
2331 829 2389 872 ut
2412 836 2526 872 cor·
2549 864 2559 871 .

1464 910 1598 960 pora
1637 897 1778 944 lente
1829 902 2135 958 augescunt,
2171 894 2278 946 cito
2335 897 2527 948 exstin-

1467 978 1712 1036 guuntur,
1724 972 1798 1020 sic
1814 972 2018 1035 ingenia
2030 971 2300 1036 studiaque
2313 986 2526 1035 oppres-

1469 1047 1597 1099 seris
1636 1044 1859 1108 facilius,
1889 1061 2042 1111 quam
2087 1046 2409 1096 revocaveris
2431 1082 2448 1098 .
2470 1080 2486 1099 .
2511 1080 2529 1101 .

1470 1122 1609 1174 Quid
1633 1122 1676 1170 si
1700 1137 1794 1185 per
1812 1121 2103 1185 quindecim
2127 1137 2303 1185 annos,
2323 1123 2527 1188 [quibus

1470 1199 1582 1248 scii.
1621 1198 1900 1262 imperavit
1936 1197 2291 1262 Domitianus]
2332 1199 2528 1262 grande

1468 1275 1701 1325 mortalis
1733 1276 1832 1325 oevi
1862 1275 2105 1338 spatium,
2124 1275 2274 1323 multi
2298 1272 2530 1327 fortuitis

1469 1351 1692 1412 casibus,
1727 1352 2102 1416 promtissimus
2131 1352 2343 1417 quisque
2380 1352 2530 1402 saevi·

1469 1428 1545 1476 tia
1603 1427 1854 1490 principis
1909 1426 2331 1477 interciderunt?
2386 1428 2528 1491 Ergo

1469 1510 1583 1553 toto
1614 1503 1704 1552 illo
1738 1503 1936 1567 ingenti
1968 1504 2138 1566 spatio
2170 1508 2250 1553 1⁵.
2282 1517 2530 1555 annorum

1470 1579 1595 1627 nibil
1617 1579 1726 1641 ipse
1763 1579 1996 1640 Tacitus,
2017 1578 2142 1627 nihil
2173 1577 2259 1626 alii
2296 1579 2529 1629 scribere

1470 1657 1579 1705 ansi
1602 1663 1739 1706 sunt.
1804 1656 1941 1705 Nam
1961 1656 1977 1684 ‘
2000 1669 2168 1720 neque
2190 1655 2243 1704 in
2266 1656 2403 1719 ipsos
2421 1671 2528 1706 mo·

1472 1734 1540 1783 do
1561 1740 1820 1793 auctores,
1841 1733 1935 1783 sed
1957 1733 2008 1782 in
2043 1734 2203 1782 libros
2228 1748 2427 1798 quoque
2446 1747 2532 1783 eo·

1474 1824 1587 1859 rum
1607 1810 1865 1870 saevitum,
1883 1807 2119 1873 delegato
2141 1808 2421 1858 triumviris
2438 1810 2530 1858 mi-

1472 1884 1709 1947 nisterio,
1750 1890 1810 1933 ut
1849 1890 2179 1935 monumenta
2222 1884 2531 1935 clarissimo-

1469 1974 1582 2009 rum
1620 1960 1940 2023 ingeniorum
1981 1960 2033 2008 in
2069 1960 2280 2010 comitio
2318 1975 2379 2010 ac
2419 1959 2531 2009 foro

1468 2042 1762 2098 urerentur,
1782 2039 1881 2086 διο.
1948 2036 2191 2100 Expulsis
2221 2037 2430 2100 insuper
2450 2050 2530 2085 sa·

1469 2112 1683 2175 pientiae
1734 2110 2122 2175 professoribus,
2177 2118 2334 2176 atque
2394 2111 2533 2161 omni

1471 2180 1608 2237 bona
1629 2192 1743 2236 arte
1765 2188 1817 2235 in
1840 2186 2051 2235 exilium
2075 2185 2225 2237 acta!
2290 2187 2360 2236 Et
2383 2184 2533 2249 infra,

1470 2262 1487 2290 ‘
1510 2261 1718 2312 ademto
1739 2276 1835 2325 per
1848 2261 2201 2327 inquisitiones
2222 2268 2277 2312 et
2294 2262 2533 2327 loquendi

1469 2330 1815 2403 audiendique
1838 2337 2166 2388 commercio.
2223 2337 2533 2387 Memoriam

1472 2427 1676 2477 quoque
1709 2412 1871 2476 ipsam
1909 2428 2028 2464 cum
2060 2427 2188 2463 voce
2226 2413 2535 2476 perdidisse·

1472 2486 1622 2536 mus?
1685 2487 1759 2536 At
1796 2502 1862 2535 ex
1892 2488 2139 2537 memoria
2157 2489 2347 2538 amissa
2367 2487 2537 2551 sequi·

1472 2567 1558 2610 tur
1578 2559 1857 2612 difficultas
1873 2568 1964 2611 aut
1986 2568 2128 2611 certe
2146 2562 2536 2625 impossibilitas

1474 2634 1721 2700 loquendi
1752 2650 1813 2685 ac
1852 2635 2129 2685 scribendi.
2196 2635 2385 2701 Itaque
2407 2636 2534 2687 nihil

1476 2709 1691 2773 scripsit
1713 2717 1801 2760 aut
1824 2710 1987 2760 edidit
2006 2710 2214 2760 Tacitus
2243 2719 2362 2760 ante
2396 2712 2534 2774 prin-

1475 2784 1706 2848 cipatum
1731 2786 1779 2835 N
1785 2799 1920 2834 ervae
1941 2801 1955 2833 ι
1997 2798 2120 2848 ergo
2142 2785 2291 2849 longe
2313 2786 2537 2851 antiqui·

1476 2872 1538 2908 or
1560 2865 1641 2908 est
1671 2858 1900 2922 dialogus
1936 2860 2054 2921 iste,
2089 2874 2241 2923 quam
2282 2867 2342 2909 ut
2375 2860 2536 2909 tribul

1478 2934 1725 2984 Cornelio
1765 2934 1943 2997 possit.
2028 2933 2182 2985 Quod
2222 2940 2426 2996 spectat
2469 2934 2534 2985 ad

1477 3009 1872 3073 Quintilianum,
1913 3007 1964 3057 id
2008 3009 2171 3072 magis
2216 3008 2535 3073 ambiguum.

1475 3084 1577 3135 Sed
1602 3093 1747 3135 certe
1770 3091 1825 3134 et
1858 3085 2185 3148 eloquentior
2204 3092 2260 3134 et
2283 3084 2538 3149 profluen-

1476 3161 1579 3209 tior
1615 3161 1804 3224 dialogi
1834 3175 2020 3221 sermo,
2057 3176 2211 3226 quam
2248 3177 2345 3226 pro
2381 3164 2536 3226 genio

1475 3238 1628 3301 hujus
1673 3237 1916 3286 auctoris.
2003 3239 2073 3287 Et
2115 3238 2538 3305 declamationes,

1476 3328 1593 3378 quae
1632 3312 1836 3362 nomine
1881 3310 2031 3360 Fabii
2083 3310 2536 3377 circumferuntur,

1477 3388 1622 3452 quasi
1665 3388 1866 3451 jejunae
1917 3394 1972 3436 et
2013 3385 2215 3449 frigidae
2262 3389 2538 3443 videantur

1475 3478 1583 3528 prae
1613 3465 1710 3513 hoc
1741 3463 1967 3512 oratorio
1991 3463 2178 3512 libello.
2243 3464 2415 3514 Unum
2437 3473 2538 3532 est,

1475 3539 1614 3605 quod
1644 3539 1907 3604 praecipue
1941 3539 2123 3588 innuat
2157 3554 2269 3590 esse
2295 3536 2538 3594 Quintili:

1477 3615 1579 3664 ani.
1671 3616 1892 3679 Nempe,
1932 3616 2053 3679 quia
2097 3616 2185 3665 ille
2236 3624 2537 3682 reparatum

1476 3691 1698 3741 maxime
1742 3697 1798 3739 et
1839 3691 2175 3741 instauratum
2216 3693 2381 3742 voluit
2422 3708 2538 3756 per·

1477 3767 1814 3816 fectissimum
1832 3766 1957 3814 illud
1976 3766 2185 3816 dicendi
2201 3781 2379 3829 genus,
2394 3768 2534 3829 quod

1478 3841 1655 3892 floruit
1677 3841 1944 3904 Augusteo
1965 3844 2173 3902 saeculo,
2193 3850 2249 3890 et
2273 3849 2381 3890 tum
2404 3855 2537 3904 pro-

1479 3919 1633 3981 cipue
1656 3931 1739 3967 res
1761 3923 1816 3968 et
1837 3918 1995 3966 decus
2019 3917 2152 3964 illius
2174 3914 2443 3978 agebatur,
2476 3922 2537 3965 ut

1478 3994 1567 4059 qui
1596 4008 1711 4043 esse
1749 3990 2188 4057 eloquentissimus
2225 4004 2332 4039 suae
2367 3990 2537 4039 atatis

1480 4075 1675 4130 orator,
1696 4075 1751 4118 et
1772 4065 1977 4117 dicendi
2010 4079 2234 4114 summus
2268 4063 2535 4128 magister,

1478 4144 1566 4208 qui
1588 4151 1644 4194 et
1678 4141 1927 4207 principis
1950 4153 2221 4206 properum
2245 4138 2535 4189 Domitiani

1476 4223 1667 4272 sororis
1690 4226 1902 4284 nepotes
1923 4216 2155 4267 doceret.
2198 4216 2270 4266 Et
2286 4216 2372 4266 ille
2392 4226 2534 4267 max-
