3000 4859
442 404 626 488 3764

1235 426 1282 473 D
1294 424 1333 473 Β
1379 422 1860 476 oua‘rmunvs

1426 656 1644 709 80¹1·AE

445 767 732 831 theaumo,
751 773 808 819 et
825 781 1003 822 severe
1036 769 1287 822 imtltutis
1311 770 1505 823 scholis

443 846 631 908 aliena,
665 850 776 896 tum
812 845 1101 898 studiorum
1135 847 1507 911 perniciosissi-

442 933 533 984 ma
552 919 730 970 hostis.
794 920 1124 984 Supervacua
1141 922 1279 971 enim
1301 922 1506 974 videtur

445 1010 591 1058 curs,
614 1011 676 1045 ac
699 996 861 1057 labor,
893 1005 1094 1059 parata,
1113 997 1356 1061 quicquid
1378 994 1508 1048 effu·

444 1072 638 1135 derint,
683 1072 853 1121 lande.
935 1073 1148 1122 Vultum
1184 1073 1340 1136 igitur
1375 1087 1508 1138 prm-

447 1149 676 1213 teptoris
699 1147 891 1197 intueri
916 1156 1020 1200 tam
1048 1149 1133 1213 qui
1162 1148 1399 1212 audiunt,
1420 1148 1509 1198 de·

442 1222 764 1289 bent‚qnam
801 1223 912 1287 ipse
944 1224 1030 1288 qui
1070 1222 1331 1277 dicit...At
1369 1237 1509 1274 nunc

443 1298 597 1362 proni
619 1307 776 1361 atque
800 1299 1051 1349 succincti
1071 1298 1136 1348 ad
1153 1312 1354 1348 omnem
1372 1299 1510 1347 clan-

446 1374 612 1422 sulam
657 1386 756 1421 non
800 1381 1083 1437 exsurgunt
1125 1372 1293 1436 modo,
1329 1387 1507 1423 verum

444 1451 609 1500 etiam
646 1458 960 1511 excuti-uun
1014 1457 1070 1500 et
1109 1464 1225 1500 cnm
1265 1451 1510 1506 indecora

446 1526 767 1577 exultatione
792 1529 1133 1578 conclamant.
1187 1527 1252 1577 Id
1274 1534 1509 1578 mutuum

443 1608 550 1665 est,
567 1609 623 1652 et
645 1603 718 1652 ibi
741 1603 1134 1653 declamationis
1157 1602 1394 1653 fortuna!

505 1679 639 1743 Cap.
684 1684 765 1728 40.
799 1681 981 1730 Datum
1007 1680 1094 1741 jas
1130 1681 1506 1743 potentinimaus

445 1769 670 1824 quemque
694 1756 911 1806 vexandi.
945 1756 1034 1804 Sic
1055 1764 1110 1805 et
1135 1756 1315 1807 Quint.
1337 1768 1437 1806 ιιι.
1458 1759 1508 1807 7.

444 1832 462 1859 ⁴
487 1831 626 1883 Nam
663 1833 808 1893 leges
848 1833 973 1895 ipsae
1013 1832 1139 1882 nihil
1178 1833 1367 1895 valent,
1405 1832 1508 1881 nisi

442 1906 637 1956 actoris
674 1907 860 1955 idonea
900 1921 1026 1957 voce
1073 1906 1316 1957 munite:
1363 1913 1419 1956 et
1457 1908 1504 1957 si

441 1993 622 2043 poenas
639 1983 886 2030 scelerum
906 1989 1158 2045 expetere
1182 1979 1262 2032 fas
1284 1995 1384 2031 non
1406 1989 1506 2044 est,

440 2070 608 2124 prope
653 2065 734 2106 est
774 2065 828 2107 ut
868 2060 1063 2110 scelera
1101 2058 1217 2122 ipsa
1257 2060 1509 2123 permissa

443 2132 580 2192 sint:
614 2141 671 2183 et
705 2133 968 2183 licentiam
1009 2135 1154 2182 malis
1189 2133 1322 2196 dari,
1357 2142 1506 2184 certe

441 2213 624 2258 contra
660 2203 819 2256 bonos
858 2216 957 2257 est.
1025 2209 1201 2260 Quare
1225 2223 1395 2273 neque
1426 2223 1508 2258 so-

442 2283 639 2335 ciorum
660 2284 912 2347 querelas,
947 2297 1046 2332 nec
1087 2283 1238 2334 amici
1276 2283 1358 2333 vel
1389 2299 1507 2347 pro·

442 2359 620 2425 pinqni
642 2372 845 2418 necem,
868 2374 964 2408 noc
986 2365 1258 2423 erupturas
1281 2359 1332 2408 in
1357 2361 1507 2409 Rem-

440 2437 567 2501 pub.
604 2437 1015 2499 conspirationes
1052 2436 1242 2486 inultas
1275 2438 1507 2502 patietur

443 2521 652 2566 orator:
704 2529 805 2563 non
840 2523 1006 2577 poeuae
1038 2516 1328 2565 nocentium
1362 2517 1519 2580 cupi...

442 2590 560 2653 dm,
581 2591 673 2640 sed
697 2590 1003 2643 emendandi
1036 2590 1163 2646 vitia
1186 2594 1506 2656 corrigendi-

441 2682 545 2733 que
567 2682 753 2726 mores.
813 2670 947 2718 Nam
970 2669 1056 2733 qui
1081 2670 1279 2725 ratione
1301 2671 1505 2721 traduci

442 2744 508 2793 ad
551 2745 766 2796 meliora
803 2760 907 2797 non
950 2755 1180 2809 possunt,
1217 2748 1327 2797 solo
1358 2756 1505 2797 metu

441 2821 789 2872 continentur.
839 2822 1028 2886 Itaque
1052 2829 1112 2872 ut
1133 2824 1504 2876 accusatoriam

437 2897 602 2947 vitam
620 2897 815 2959 vivere,
838 2905 893 2948 et
924 2899 990 2948 ad
1014 2899 1366 2950 defendendos
1391 2915 1504 2950 reos

439 2973 656 3035 premio
704 2973 843 3036 duci,
895 2975 1186 3036 proximum
1234 2975 1506 3026 latrocinio

440 3054 547 3097 est:
574 3047 650 3097 ita
666 3055 865 3110 pestem
882 3048 1178 3100 intestinam
1196 3051 1505 3113 propulsare

437 3136 556 3176 oum
594 3125 1039 3187 propugnantibus
1081 3125 1264 3188 patriae
1295 3141 1502 3191 compa·

437 3199 673 3251 randum·
739 3199 970 3264 Ideoque
1006 3201 1267 3264 principes
1308 3203 1359 3251 in
1401 3204 1501 3253 Re-

437 3274 565 3339 pnb.
605 3276 703 3326 viri
745 3290 848 3328 non
893 3267 1317 3329 detrectaverunt
1371 3276 1500 3330 halac

440 3348 600 3404 officii
619 3358 850 3416 partem:
886 3352 1173 3416 creditique
1205 3361 1324 3403 sunt
1345 3356 1499 3404 etium

439 3428 568 3482 olari
592 3427 812 3492 juvenes
848 3428 1079 3480 obsidem
1119 3428 1338 3491 Reipnb.
1374 3429 1499 3479 dare

440 3504 691 3555 malorum
732 3502 918 3556 civium
957 3503 1357 3568 accusationem,
1385 3507 1506 3570 quia

440 3590 539 3628 nec
562 3576 733 3627 odisse
775 3577 1052 3643 improbos,
1090 3592 1187 3627 nec
1211 3579 1504 3635 simultates

438 3665 745 3715 provocare,
766 3653 862 3700 nisi
895 3668 959 3701 ex
981 3652 1171 3702 fidncia
1195 3654 1341 3703 bonae
1364 3670 1504 3705 men·

442 3728 511 3778 tis
532 3728 862 3778 videbantur.
932 3729 1098 3792 quue
1130 3744 1245 3781 cum
1277 3731 1342 3780 ab
1369 3731 1505 3781 Hor-

440 3805 631 3869 tensio,
664 3804 917 3865 Lucullis,
948 3805 1199 3867 Sulpicio,
1232 3805 1507 3868 Cicerone,

441 3881 666 3943 caesare,
705 3880 936 3943 pluribus
978 3881 1109 3942 aliis,
1142 3888 1250 3930 tum
1275 3881 1342 3931 ab
1367 3889 1505 3932 utro·

438 3970 538 4021 que
559 3956 757 4012 Catone
775 3954 971 4004 factum
990 3965 1068 4005 est
1088 3971 1103 4015 ;
1137 3970 1354 4019 quornm
1371 3958 1507 4008 alter

437 4032 733 4096 appellatus
751 4040 832 4081 est
850 4036 1054 4096 sapiens
1072 4050 1085 4082 :
1119 4034 1252 4081 alter
1270 4034 1366 4082 uisi
1388 4048 1502 4083 cre.

437 4105 579 4157 ditur
613 4104 796 4167 fuisse,
835 4108 918 4156 vix
958 4110 1069 4157 scio
1107 4109 1192 4160 cni
1231 4109 1501 4174 reliquerit

436 4180 588 4242 liujus
611 4181 829 4236 nominis
851 4183 1056 4233 locum!

503 4256 633 4328 Cap,
655 4261 737 4310 40.
760 4256 1151 4326 &pissinum-u
1169 4265 1220 4320 et
1239 4276 1374 4322 ms.
1409 4260 1500 4315 Sic

1584 769 1769 824 Quint.
1808 784 1900 822 vr..
1927 774 1979 823 1·.
2016 768 2209 823 ‘Quod
2251 783 2414 835 genus
2453 770 2648 834 ausu-is

1585 847 1908 912 temporibus
1926 852 2088 898 totum
2110 860 2257 911 pene
2270 846 2528 897 sublatum
2540 855 2649 920 est³

1585 923 1896 974 eum-omnia
1918 938 2056 973 curse
2090 923 2377 984 tutelaeque
2398 921 2549 972 nnius
2567 923 2651 972 in-

1585 998 1709 1048 nixa
1760 998 2043 1061 periclitari
2084 998 2226 1047 nullo
2258 998 2443 1061 judicii
2499 997 2646 1050 exitu

1589 1075 1821 1139 possint-⁹
1898 1075 2068 1138 Igitur
2107 1081 2167 1124 ut
2203 1088 2271 1123 ex
2310 1074 2475 1123 allatis
2518 1073 2647 1124 loeis

1590 1156 1757 1212 patet,
1787 1148 2006 1201 eundem
2029 1149 2261 1200 ordinem
2285 1148 2491 1208 Fabius,
2526 1164 2648 1200 ean·-

1590 1223 1707 1274 dem
1760 1225 2008 1276 rationem
2059 1225 2383 1291 eundemque
2437 1226 2647 1277 modum

1590 1301 1761 1351 tenuit
1811 1300 1864 1349 in
1929 1301 2337 1352 institutionibus
2393 1300 2651 1377 oratoriis,

1591 1390 1742 1439 quem
1771 1376 1883 1440 ,iam
1924 1377 2285 1440 pra-libaverat
2322 1384 2379 1427 et
2400 1378 2544 1427 velut
2562 1392 2647 1429 ns·

1586 1450 1826 1501 tenderat
1862 1452 1916 1501 in
1937 1451 2096 1502 hocce
2118 1452 2339 1516 dialogo.
2406 1454 2539 1502 Nam
2560 1466 2649 1505 ea-

1584 1526 1703 1578 dem
1748 1528 2046 1590 praescribit
2088 1528 2162 1578 ibi
2206 1536 2263 1578 et
2307 1537 2489 1578 cavet:
2549 1530 2643 1579 sed

1585 1617 1701 1667 quae
1724 1603 1953 1653 breviter
1976 1604 2154 1668 jamin
2175 1604 2378 1668 dialogo
2399 1614 2646 1669 arguerat

1583 1692 1646 1728 ac
1679 1679 1947 1732 damnarat
1988 1680 2126 1729 inter
2167 1693 2349 1730 causas
2384 1688 2645 1745 corruptus

1584 1754 1917 1819 eloquentie,
1931 1761 1988 1805 et
2007 1756 2143 1821 quod
2158 1757 2307 1820 qnasi
2332 1770 2651 1820 preces-pn*

1587 1840 1669 1882 rat
1692 1831 1787 1880 snb
1808 1832 1977 1882 aliena
1998 1846 2237 1896 persona,
2260 1833 2371 1896 jam
2402 1831 2567 1883 fusius
2592 1833 2649 1886 in

1587 1907 1765 1956 Instit.
1802 1914 1935 1957 orat.
1973 1908 2265 1973 exequitur.
2355 1908 2516 1958 Haud
2554 1908 2650 1958 du·

1588 1981 1674 2031 bie
1701 1983 1929 2045 juvenis,
1962 1996 2083 2032 cum
2118 1985 2329 2047 scripsit
2359 1984 2482 2033 dial.
2501 1984 2647 2049 quasi

1586 2056 1924 2110 fundamenta
1938 2058 2173 2122 jaciebat
2186 2061 2358 2124 magni
2375 2061 2511 2110 illius
2525 2075 2649 2124 ope-

1585 2134 1655 2182 ris
1678 2134 1811 2197 quod
1838 2135 1891 2184 in
1912 2143 2257 2198 senectutem,
2278 2144 2337 2187 ut
2359 2137 2520 2201 magis
2534 2152 2646 2188 nta-

1587 2218 1755 2260 turam
1779 2218 1835 2260 et
1866 2211 2085 2261 dicendo
2109 2220 2398 2276 expertam,
2417 2214 2647 2263 remitte-

1587 2285 1677 2336 bat
1697 2293 1855 2351 atque
1874 2286 2183 2337 destinabat.
2252 2288 2403 2339 Quod
2428 2289 2472 2337 si
2490 2287 2645 2339 babe-

1585 2378 1754 2412 remus
1793 2362 1940 2412 Fabii
1976 2364 2247 2414 continuas
2281 2366 2567 2428 orationes„
2599 2366 2643 2414 si

1585 2438 1840 2501 dialogum
1857 2442 2046 2490 saltem
2068 2439 2346 2505 integrum,
2368 2456 2517 2505 qnam
2534 2442 2643 2491 lon-

1586 2529 1652 2578 ge
1675 2528 1761 2564 rea
1784 2513 2008 2577 facilior,
2040 2516 2249 2578 clarior,
2269 2524 2324 2567 et
2346 2516 2644 2580 expeditior

1582 2589 1750 2641 foi-etl
1843 2591 2132 2654 objectant
2178 2600 2354 2642 tamen
2401 2606 2434 2641 a
2476 2593 2642 2646 Fabio

1583 2667 1926 2730 compositum
1970 2681 2081 2717 esse
2114 2668 2304 2717 librum
2335 2667 2543 2731 quidem
2573 2666 2641 2718 de

1583 2743 1753 2793 camis
1772 2751 2028 2808 oorrnptae
2049 2744 2380 2809 eloquentiae,
2408 2744 2499 2793 sed
2517 2758 2638 2795 eon·

1584 2821 1785 2869 tinuum
1824 2826 1878 2870 et
1915 2821 1971 2872 iu
2006 2833 2098 2870 sna
2132 2823 2368 2883 persona,
2399 2834 2501 2869 non
2520 2833 2642 2870 vero

1581 2894 1860 2958 dialogum.
1925 2894 2029 2944 Sed
2051 2895 2232 2945 dicunt
2251 2895 2382 2955 haec,
2398 2909 2500 2948 uon
2525 2910 2641 2960 pro·

1583 2969 1727 3032 bant,
1770 2984 1940 3033 neque
1983 2969 2299 3033 probabunt.
2363 2969 2501 3024 Quid
2544 2972 2645 3021 cla-

1585 3044 1724 3093 rius?
1778 3045 1902 3110 quid
1948 3046 2223 3109 apertius?
2287 3045 2410 3110 Ipse
2456 3046 2643 3100 Fabius

1584 3128 1808 3181 testatur
1828 3138 1883 3170 se
1904 3121 2248 3186 composuisse
2271 3123 2427 3172 talem
2457 3121 2641 3173 librum

1580 3198 1759 3247 multis
1796 3198 1941 3259 locis,
1972 3200 2176 3262 qualem
2197 3212 2339 3258 vero,
2382 3203 2473 3247 aut
2503 3194 2643 3263 quali

1580 3273 1780 3335 ordine,
1802 3281 1893 3325 aut
1915 3276 1966 3322 in
1989 3289 2092 3338 qua
2114 3288 2336 3337 persona
2360 3288 2461 3322 non
2484 3273 2645 3336 expli-

1580 3357 1684 3410 cat,
1723 3365 1820 3405 nec
1863 3351 1995 3402 alius
2032 3365 2143 3402 rem
2181 3351 2338 3413 magis
2377 3349 2642 3414 expediet.

1580 3423 1848 3479 Sufficiunt
1891 3425 1957 3480 ad
1997 3427 2070 3476 rei
2110 3426 2386 3478 veritatem
2422 3440 2488 3474 ea
2525 3439 2637 3490 qnae

1584 3501 1866 3566 attulimus,
1888 3509 1943 3553 et
1964 3504 2066 3552 alia
2097 3503 2283 3554 similia
2302 3503 2398 3551 sibi
2429 3503 2639 3567 quisque

1583 3577 1734 3626 facile
1756 3578 1986 3640 reperire
2019 3579 2201 3642 possit.
2266 3579 2354 3631 Sic
2379 3580 2533 3643 igitur
2553 3579 2641 3634 ine

1585 3657 1697 3718 ipse
1736 3655 1771 3704 l.
1794 3668 1915 3706 vm.
1936 3659 1987 3705 6.
2028 3655 2117 3705 ubi
2141 3655 2208 3706 de
2249 3655 2553 3720 Hyperbole
2582 3656 2639 3708 in

1583 3728 1685 3779 fine
1707 3745 1720 3779 ι
1757 3730 1772 3756 ‘
1789 3730 1890 3780 Sed
1915 3730 1978 3779 de
1999 3730 2098 3780 hoc
2117 3731 2261 3792 satis,
2276 3732 2398 3795 quia
2419 3730 2637 3781 eundem

1586 3807 1753 3855 locum
1779 3807 1977 3869 plenius
2001 3807 2052 3855 in
2077 3821 2140 3856 eo
2162 3807 2296 3856 libro
2320 3822 2424 3871 quo
2440 3821 2643 3869 ‚causas

1585 3887 1864 3946 corruptae·
1913 3884 2220 3944 eloquentiae
2281 3883 2643 3948 reddebamus,

1587 3958 1947 4006 tractavimus!
2014 3958 2282 4007 Roddebat
2301 3973 2488 4022 nempe
2510 3957 2561 4006 in
2578 3972 2642 4008 ea

1584 4034 1746 4082 nostri
1770 4034 1962 4096 dialogi
1997 4045 2146 4097 parte
2169 4049 2286 4098 quae
2324 4034 2523 4084 incuria
2554 4047 2641 4083 ve·

1584 4116 1750 4158 terum
1773 4119 1825 4158 et
1856 4110 2045 4173 injuria
2069 4117 2361 4174 temporum
2380 4110 2643 4180 intui-esp,

1582 4193 1639 4237 ta
1658 4194 1757 4237 est.

1645 4262 1796 4321 uem
1838 4262 2058 4322 Quintii-
2104 4263 2354 4335 proemio
2396 4263 2516 4322 mm
2557 4277 2641 4322 n.
