3000 4859
513 373 690 446 3418

1213 393 1282 441 c.
1334 390 1701 442 ooaunmt
1747 360 2004 443 τΑοιτι

1513 609 1728 660 Nom·

513 735 640 787 dan
676 737 921 791 Cornelio
966 739 1247 804 scribente,
1292 740 1489 804 legitur
1521 742 1576 788 in

513 812 844 865 interioribus
866 816 1042 866 insulis
1066 817 1286 878 Oceani,
1316 831 1384 865 ex
1424 815 1575 865 arbo-

513 890 583 940 ris
605 905 756 941 succo
778 890 1039 951 defluens;
1076 892 1211 941 uude
1234 902 1286 942 et
1308 891 1573 940 succ-inum

514 965 727 1028 dicitur,
752 969 996 1032 paulatim
1033 970 1153 1017 solis
1174 968 1358 1017 ardore
1380 968 1572 1017 coales-

513 1041 675 1091 cens!
739 1043 843 1092 Sed
874 1045 1012 1093 itaut·
1046 1045 1349 1095 contemtim
1382 1044 1470 1093 ille
1505 1042 1572 1093 de

513 1118 727 1167 nostro?
749 1120 921 1182 potius
939 1120 1416 1184 scripsit,an
1451 1119 1572 1183 Lip-

518 1207 640 1244 stus.

578 1268 682 1319 Seu
722 1270 929 1320 svam
961 1270 1222 1335 ειιοείιιιιιι]
1276 1271 1450 1321 Hodie
1470 1272 1575 1321 Bo·

512 1346 666 1408 russi,
686 1345 772 1394 ubi
797 1346 999 1395 Sambia
1021 1346 1072 1395 in
1102 1346 1360 1396 littoribus
1392 1348 1458 1397 ad
1477 1347 1574 1396 Su·

512 1419 732 1484 deviam,
754 1420 904 1484 cujus
926 1435 1082 1471 ιιιιιιιιι
1118 1424 1252 1471 latus
1283 1423 1575 1485 expositum

513 1501 597 1546 est
635 1495 878 1561 Zephyro
923 1511 1100 1547 versus
1143 1498 1488 1559 occidentem,
1517 1506 1575 1548 et

512 1570 630 1622 huic
648 1572 896 1622 continuo
911 1573 1143 1622 adheret
1163 1573 1311 1623 littus
1344 1573 1574 1623 Gedsni-

513 1661 631 1699 cnm
654 1655 711 1697 et
732 1647 1124 1698 Pomeranicum
1149 1666 1164 1709 ;
1198 1649 1418 1698 alterum
1458 1664 1572 1698 ver-

511 1735 598 1773 sus
639 1725 1045 1787 septentrionem
1100 1724 1355 1774 Livonico
1407 1724 1571 1774 eonti-

507 1817 685 1869 gnnm.
751 1803 814 1852 In
854 1803 1109 1853 Sudavico
1140 1803 1335 1866 littore,
1366 1809 1424 1852 et
1466 1815 1571 1851 nou

510 1879 697 1942 ubivis,
716 1894 872 1928 venas
895 1879 1090 1929 succini
1113 1877 1209 1927 sub
1250 1879 1398 1942 aquis
1438 1891 1572 1939 esse,

510 1954 719 2004 tametsi
750 1954 1138 2018 tempestatibus
1174 1952 1239 2002 ad
1275 1953 1424 2003 littus
1467 1952 1571 2002 Po·

510 2028 843 2090 meranicum,
886 2027 1215 2090 Gedanense,
1269 2028 1569 2078 Livonicum

510 2103 734 2153 nonnfltil
757 2103 870 2167 ejus
886 2103 1212 2167 extrudatur,
1233 2104 1460 2169 loquitur
1481 2118 1569 2154 ex-

509 2178 783 2243 perientia.

576 2254 698 2304 Non
736 2253 1030 2316 negandum
1056 2260 1224 2304 tamen
1247 2255 1316 2318 ad
1334 2254 1569 2320 quaedam

509 2324 779 2392 Hispaniae
823 2329 1211 2394 Britanniaque
1247 2330 1430 2380 littora
1468 2331 1571 2380 lec-

509 2410 618 2454 tum
654 2402 833 2467 fuisse,
865 2413 921 2456 et
943 2407 1107 2456 adbuc
1138 2408 1444 2471 quandoque
1465 2405 1569 2471 legi

509 2481 771 2532 succinum
791 2499 806 2543 ;
846 2483 938 2531 sed
963 2484 1206 2548 ignobile,
1227 2483 1466 2548 quodque
1484 2483 1571 2533 vix

508 2572 696 2608 nornen
714 2573 822 2623 prae
838 2560 929 2609 illo
955 2575 1075 2608 vero
1099 2570 1373 2609 mereatur.

573 2632 637 2682 In
660 2634 920 2685 littoribus
943 2634 1109 2685 Indiae
1132 2635 1390 2685 nonnullis
1408 2635 1566 2685 etiam

507 2708 727 2773 reperiri
784 2709 982 2759 Plinius
1034 2721 1262 2761 xxxvii.
1297 2713 1346 2759 8.
1386 2715 1571 2759 auctor

510 2790 607 2834 est.
670 2783 820 2834 Adde
878 2785 1012 2850 quod
1064 2785 1118 2835 in
1179 2784 1569 2835 mediterraneis

508 2861 808 2927 quibusdam
828 2862 971 2923 locis,
992 2862 1080 2912 ubi
1103 2861 1245 2912 lacus
1264 2868 1319 2911 et
1335 2861 1569 2926 paludes,

510 2938 755 2998 arenosis,
794 2939 952 2988 etiam
990 2936 1155 2988 frnsta
1175 2937 1368 2987 succini
1392 2936 1566 2987 inven-

509 3021 565 3063 ta
587 3015 713 3076 sint,
751 3023 808 3064 ut
853 3022 908 3064 et
940 3016 991 3063 in
1013 3015 1122 3064 solo
1148 3014 1289 3064 urbis
1311 3012 1569 3062 witeber-

506 3092 695 3154 gansis.
751 3090 975 3139 “odunt
995 3089 1188 3139 succini
1211 3088 1415 3153 legendi
1431 3089 1568 3138 intra

507 3165 639 3216 vada
679 3174 834 3230 atque
887 3172 1247 3229 tempestates,
1289 3164 1567 3227 descripsit

507 3241 596 3292 Jo.
613 3242 920 3306 wigandus.

568 3317 650 3366 Ex
676 3315 946 3366 Herodoto
969 3322 1113 3379 patet
1125 3316 1233 3379 jam
1259 3321 1381 3365 ante
1416 3319 1566 3366 20⁰0.

503 3405 749 3441 annorum
787 3392 1083 3441 constitisse
1122 3391 1323 3441 Groecis
1358 3390 1568 3441 fluvium

502 3468 559 3518 in
579 3474 813 3517 extrema
846 3461 1054 3531 Europa
1072 3467 1136 3517 ad
1156 3467 1563 3530 septentrionem

501 3557 639 3605 esse,
671 3557 820 3606 quem
847 3542 1120 3594 Eridanum
1158 3543 1360 3593 barbari
1385 3543 1562 3605 appel-

505 3621 639 3680 lent,
659 3619 928 3681 (Ruddm
944 3620 1025 3668 vel
1043 3620 1268 3669 Βιιάιιιιιιε
1280 3619 1455 3668 dicere
1469 3618 1554 3666 de-

502 3693 688 3758 bebat)
720 3695 807 3743 ubi
829 3695 1089 3744 succinum
1111 3696 1329 3759 legatur.
1384 3694 1564 3743 Κίναι-

504 3787 670 3822 samm

569 3847 779 3897 Flavius
824 3846 1056 3894 Reddens
1099 3844 1237 3893 haud
1292 3846 1474 3908 procul
1533 3861 1564 3894 a

510 3922 696 3973 Vistula
727 3923 910 3983 oritur,
950 3927 1005 3969 et
1044 3935 1099 3969 se
1133 3919 1184 3968 in
1207 3919 1340 3969 bunc
1363 3935 1565 3970 amnem

502 4008 789 4050 exonerat:
827 4012 888 4045 ex
929 3997 1145 4045 Raditum
1181 3996 1387 4043 nomine
1429 3993 1565 4044 effic-

504 4082 615 4126 tum
670 4075 894 4141 antiquis
947 4072 1213 4121 Eridanum
1247 4079 1432 4135 putant
1466 4071 1564 4120 viri

504 4151 664 4202 docti.

568 4225 844 4290 διιοείιιιιιιι]
897 4226 986 4277 De
1026 4239 1129 4291 quo
1161 4224 1236 4275 sic
1275 4223 1420 4276 Plin.
1439 4224 1561 4275 bist.

1653 745 1827 789 natur.
1862 751 2082 791 xxxvii.
2102 743 2151 791 ⁸.
2205 738 2224 769 ‘
2248 739 2461 790 Gertmu
2475 743 2558 789 est
2572 733 2712 804 gigni

1654 818 1706 866 in
1730 817 1905 867 insulis
1926 818 2346 882 septentrionalis
2363 818 2586 881 Oceani,
2604 823 2661 867 et
2683 830 2713 867 a

1654 893 1922 944 Germanis
1944 896 2192 958 appellari
2215 895 2495 944 Glessunt.
2479 909 2492 923 ·
2538 894 2714 958 itaque

1653 975 1709 1018 et
1747 982 1776 1015 a
1822 969 2008 1019 uostris
2055 985 2205 1019 unam
2244 971 2523 1020 insularum
2562 970 2628 1019 ob
2660 967 2713 1018 id

1653 1043 1966 1092 Glessariant
2020 1046 2353 1109 appellatam,
2403 1045 2716 1095 Germanico

1654 1119 1862 1169 Caesare
1905 1120 1977 1169 ibi
2029 1121 2275 1171 classibus
2330 1136 2439 1171 rem
2478 1127 2717 1185 gemus,

1655 1194 1981 1244 Austraviam
2000 1209 2033 1244 a
2055 1195 2286 1246 barban's
2303 1197 2514 1248 dictam.
2581 1198 2715 1248 Nas-

1653 1268 1793 1319 citur
1829 1276 2003 1319 autent
2043 1268 2305 1320 defluente
2324 1272 2550 1320 medulla
2573 1271 2711 1334 pinel

1655 1344 1856 1409 generis
1877 1345 2164 1410 arboribus,
2201 1354 2260 1395 ut
2283 1347 2473 1410 gummi
2497 1348 2551 1395 in
2573 1359 2715 1396 cera·

1656 1422 1744 1483 sis,
1787 1421 1958 1470 resina
1995 1420 2182 1484 pineis.
2265 1420 2505 1484 Erumpit
2541 1421 2712 1470 buno·

1642 1487 1723 1544 'ris
1755 1494 2098 1544 abundantia:
2138 1496 2385 1545 densatur
2415 1495 2587 1559 rigore
2629 1496 2713 1546 vel

1655 1577 1840 1633 tepore
1859 1570 2158 1619 autumnali.
2223 1573 2354 1621 Cum
2371 1571 2715 1622 intumescens

1652 1652 1806 1695 estiis
1828 1646 2016 1709 rapuit,
2039 1660 2104 1694 ex
2131 1645 2313 1696 insulis
2328 1656 2476 1698 eerte
2499 1648 2553 1697 in
2576 1650 2715 1698 litto-

1652 1735 1710 1771 ra
1729 1720 2025 1786 expellitur,
2043 1721 2119 1770 ita
2131 1722 2378 1786 volubile,
2400 1731 2460 1773 ut
2482 1723 2714 1788 pendere

1651 1795 1903 1858 videatur,
1944 1803 2103 1861 atque
2146 1796 2418 1847 considere
2457 1799 2510 1847 in
2540 1799 2712 1850 vado:

1650 1872 1786 1935 quod
1818 1871 2017 1921 arboris
2049 1885 2257 1921 succum
2279 1887 2393 1923 esse
2414 1874 2571 1938 prisci
2604 1889 2718 1925 nos-

1652 1947 1722 1996 tri
1752 1947 2040 2010 credidere,
2078 1948 2146 1998 ob
2174 1948 2229 1998 id
2251 1950 2514 1999 succinum
2537 1951 2715 2015 appel-

1650 2022 1834 2074 lantes.
1898 2023 2081 2072 Pineae
2127 2029 2303 2074 autem
2347 2024 2543 2075 arboris
2581 2039 2714 2088 esse,

1647 2097 1843 2147 iudicio
1877 2105 1959 2148 est
1980 2098 2162 2162 pineus
2188 2113 2255 2148 ex
2278 2100 2461 2150 attritu
2485 2100 2633 2163 odor,
2658 2108 2715 2151 et

1649 2173 1788 2240 quod
1803 2188 2095 2236 accensum,
2118 2174 2270 2224 taedoe
2289 2177 2441 2225 modo
2459 2191 2522 2226 ac
2534 2177 2714 2227 nidore

1647 2249 1851 2315 flagret.
1918 2250 2155 2302 Affertur
2173 2267 2204 2302 a
2221 2254 2492 2303 Germanis
2508 2254 2563 2304 in
2577 2254 2714 2305 Pan-

1650 2327 1856 2377 noniam
1913 2330 2134 2378 maxime
2188 2330 2537 2392 provinciam:
2590 2331 2714 2381 inde

1651 2402 1840 2452 Veneti
1864 2405 2105 2467 primum,
2129 2418 2257 2467 quos
2278 2405 2453 2455 Graeci
2479 2406 2715 2456 Henetus

1650 2485 1861 2540 vocant,
1903 2477 1980 2527 rei
2032 2477 2219 2529 famam
2253 2478 2448 2542 fecere,
2493 2482 2713 2545 proximi

1650 2553 1952 2615 Pannonia,
1990 2554 2045 2603 id
2074 2556 2390 2620 accipientes
2409 2557 2552 2606 circa
2570 2571 2713 2608 mare

1649 2629 2031 2679 Hadriaticum.
2087 2636 2200 2684 000.
2239 2631 2353 2683 fere
2390 2634 2553 2683 millia
2597 2649 2712 2697 pas·

1648 2723 1794 2758 suum
1841 2723 1874 2759 a
1925 2710 2158 2760 Carnuto
2215 2711 2495 2761 Pannoniae
2567 2712 2717 2763 abest

1648 2785 1792 2835 littus
1813 2784 1867 2834 id
1889 2785 2201 2848 Germania»,
2232 2801 2298 2835 ex
2320 2801 2422 2852 quo
2440 2783 2715 2852 instbitnr,

1648 2860 2007 2924 percognitum
2025 2875 2202 2924 nuper.
2238 2862 2382 2911 Vidit
2400 2863 2535 2912 enim
2559 2877 2717 2928 eques

1649 2937 1800 2986 Rom.
1842 2936 2023 2987 missus
2066 2938 2130 2985 ad
2167 2936 2219 2986 id
2259 2937 2716 3001 comparanduma

1644 3013 1679 3064 J
1684 3013 1852 3062 uliano
1894 3019 2106 3063 curante
2143 3013 2502 3076 gladiatorium
2530 3029 2714 3066 munus

1646 3090 1873 3156 Neronis
1906 3089 2176 3153 principis,
2215 3090 2299 3153 qui
2334 3091 2445 3141 haec
2467 3106 2717 3142 commer-

1644 3165 1726 3215 cia
1747 3173 1802 3214 et
1822 3165 2000 3214 littora
2027 3165 2341 3229 peragravit,
2381 3172 2528 3215 tanta
2560 3168 2714 3231 copia

1646 3241 1874 3301 invecta,
1918 3248 1976 3290 ut
2014 3241 2142 3290 retia
2175 3240 2410 3290 arcendis
2452 3239 2579 3291 feris
2613 3242 2717 3293 Po-

1645 3316 1786 3366 dium
1830 3319 2183 3381 protegentia,
2218 3316 2438 3366 succinis
2464 3318 2714 3369 nodaren-

1646 3400 1772 3452 tur;
1812 3407 1953 3441 arma
1991 3407 2113 3441 vero
2147 3399 2202 3441 et
2221 3391 2444 3451 libitina,
2467 3399 2713 3460 totusque

1649 3470 1798 3517 unius
1821 3467 1923 3517 diei
1950 3474 2231 3531 apparatus
2257 3476 2397 3519 esset
2426 3485 2455 3515 e
2476 3471 2711 3532 succino,

1644 3546 1742 3592 dte.
1788 3542 2080 3612 ‚Liquidum
2127 3542 2293 3605 primo
2333 3542 2614 3608 destillare,
2633 3558 2710 3593 ar·

1641 3626 1883 3681 grumento
1907 3623 2028 3666 sunt
2063 3617 2298 3681 quedam
2335 3618 2470 3666 intus
2495 3620 2713 3668 translu-

1643 3693 1836 3753 centia,
1883 3699 1941 3740 nt
1976 3689 2229 3752 formica,
2268 3703 2359 3741 aut
2391 3693 2604 3758 culices,
2638 3694 2712 3745 la·

1645 3777 1904 3831 certeque
1936 3785 1952 3829 ς
2001 3783 2126 3831 quas
2188 3770 2462 3819 submisse
2511 3777 2711 3821 musteo

1643 3859 1745 3895 non
1766 3852 1848 3894 est
1869 3843 2101 3906 dubium,
2133 3850 2189 3892 et
2224 3843 2444 3894 inclusas
2476 3845 2709 3897 indures·

1646 3921 1806 3981 centi,
1832 3924 1933 3970 &e-

1709 3998 1727 4025 ‘
1745 3996 1905 4048 Nasci
1929 4003 1981 4045 et
2007 3996 2060 4043 in
2089 3993 2241 4044 India
2264 4003 2462 4046 certum
2487 4001 2590 4047 est.
2611 3994 2711 4047 Ar·

1643 4073 1850 4123 cbelaus
1871 4073 1957 4136 qui
1991 4070 2227 4134 regnavit
2268 4072 2319 4120 in
2359 4070 2712 4136 Cappadocia,

1641 4149 1784 4199 illinc
1823 4148 1977 4214 pineo
1997 4147 2192 4197 cortice
2222 4146 2506 4198 inherente
2546 4139 2711 4199 tradit

1640 4222 1829 4276 advehi
1883 4220 2033 4287 rude,
2083 4220 2338 4288 polirique
2398 4221 2555 4289 adipe
2606 4222 2709 4274 suis
