3000 4859
980 394 1412 460 enauimus,
1456 396 1625 447 oar.
1669 379 1778 447 1¹7.

2301 381 2481 450 38⁰5

268 537 613 604 Oceanuse
664 544 869 623 atque
911 538 1204 623 ignotum
1247 560 1431 605 mare
1474 541 1701 624 gignit.
1790 535 1940 606 Nec
1971 537 2140 605 alius
2179 539 2475 608 foeminis

268 658 471 723 qaam
496 642 668 708 viris
696 642 986 721 habitae,
1010 643 1145 707 nisi
1173 643 1359 727 quod
1384 642 1683 708 foeminae
1729 642 1983 725 saepius
2022 640 2242 706 lineis*¹
2270 645 2481 709 amic-

273 803 1394 873 omn,«tqueimenitmaequorgmm.
1459 807 1565 860 Nec
1585 804 2481 874 «flammamtis-is,

1275 952 1488 1006 NOTAE

271 1060 507 1111 exterior
526 1059 789 1127 Oceanus,
808 1066 908 1116 διο.
930 1065 1098 1130 gignit
1114 1063 1152 1116 2’
1191 1066 1263 1116 Et
1282 1063 1342 1115 τῦ

269 1136 490 1200 nnn-inis,
510 1135 654 1190 forte
686 1153 790 1190 non
824 1142 1039 1206 perinde
1061 1143 1344 1207 opponitur

260 1211 461 1278 feu-inis,
496 1228 562 1265 ac
595 1214 657 1263 τὸ
688 1216 921 1275 minis,-
968 1219 1116 1284 quasi
1135 1219 1211 1269 sic
1248 1232 1345 1283 per

261 1289 472 1354 feben,
503 1291 765 1357 intelligat
803 1295 965 1357 pelles
994 1294 1223 1346 ferarum
1243 1296 1345 1361 syl·

274 1366 525 1415 restrium
546 1383 563 1427 3
608 1375 662 1417 et
686 1383 782 1432 per
797 1371 1023 1435 murinas,
1042 1385 1219 1421 earum
1239 1371 1347 1422 bel·

274 1441 478 1491 inarum
516 1444 699 1506 pelles,
734 1459 859 1510 quas
896 1448 1064 1511 gignit
1102 1447 1345 1498 Oceanus

272 1524 335 1568 et
369 1518 603 1581 ignotum
644 1535 802 1572 mare.
868 1523 1013 1573 Nihil
1034 1530 1207 1574 tamen
1238 1539 1347 1574 mn·

276 1592 495 1642 tandum
537 1600 735 1658 putem.
816 1598 951 1649 Nam
986 1600 1062 1650 sic
1106 1601 1346 1653 Justinus

278 1675 427 1718 reete
464 1673 711 1722 convenit
745 1685 860 1724 eum
893 1689 975 1738 eo,
1016 1675 1154 1741 quod
1189 1677 1350 1728 habet

276 1743 481 1795 Seneca
522 1747 682 1809 epist.
719 1752 806 1799 91.
853 1750 870 1778 ‘
893 1752 1077 1816 Tergis
1115 1754 1346 1818 vulpium

277 1819 536 1882 induitur,
558 1836 621 1871 ac
644 1823 894 1890 murium,’
930 1829 1029 1878 διο.
1068 1826 1158 1877 ubi
1198 1835 1351 1893 terga.

274 1896 517 1960 vulpium
527 1905 648 1947 sunt
664 1899 999 1963 panasei-ina
1016 1918 1035 1960 ,-
1052 1908 1111 1953 ut
1127 1909 1185 1953 et
1202 1909 1350 1968 terga

276 1971 521 2037 murium,
556 1981 678 2024 sunt
709 1976 908 2026 mar-ine
944 1977 1109 2041 pelles
1139 1976 1349 2030 Justiui.

282 2045 453 2097 Ambo
488 2048 773 2113 loquuntur
809 2050 876 2101 de
910 2051 1092 2102 iisdem
1128 2054 1354 2118 populis,

279 2120 492 2186 Scythis
511 2137 699 2190 nempe
719 2141 735 2186 ;
768 2127 786 2155 ‘
802 2125 1035 2178 Pellibus
1057 2135 1260 2180 tantum
1279 2129 1354 2180 fe·

281 2196 411 2247 ritis
447 2213 513 2250 ac
557 2200 774 2251 murinis
812 2202 1138 2268 vestiuntur,'
1186 2203 1357 2270 inquit

282 2272 548 2328 suetiam.
635 2276 805 2325 Mae-es
850 2285 1023 2328 autem
1066 2285 1188 2329 sunt
1227 2278 1353 2330 ferae

284 2346 569 2410 sylvestres
588 2349 804 2400 minoris
827 2349 1026 2417 ἔοι-ωε,
1048 2354 1186 2416 pelle
1218 2369 1357 2405 com-

282 2422 607 2473 neudabiles
627 2440 640 2473 ε
676 2439 779 2488 quo
797 2425 852 2475 in
874 2441 1066 2490 genere
1084 2436 1205 2479 sunt
1219 2429 1357 2479 Mur-

286 2503 378 2559 ία,
400 2502 457 2547 et
489 2497 802 2563 Hermelini‚
830 2501 1014 2566 quibus
1050 2502 1247 2553 nobiles
1268 2505 1359 2568 hy·

288 2571 455 2622 berno
477 2576 715 2637 tempore
739 2575 942 2638 pellitus
966 2581 1152 2640 gerunt
1187 2575 1362 2642 paenu-

286 2648 387 2697 las.
464 2647 621 2698 Tales
663 2653 838 2699 autem
880 2648 1019 2700 feras
1062 2665 1154 2701 seu
1194 2653 1360 2715 pelles

286 2736 395 2773 non
416 2722 589 2787 gignit
625 2737 770 2774 mare
806 2725 1036 2790 ignotum
1077 2741 1168 2777 seu
1198 2728 1364 2779 Balti·

290 2811 428 2862 enm,
448 2797 544 2848 sed
566 2813 661 2849 ora
695 2800 853 2850 maris
873 2801 1137 2866 Baltbici3
1189 2810 1246 2853 et
1282 2805 1361 2854 baz

290 2872 414 2924 dein
437 2875 625 2925 eodem
661 2877 794 2926 mari
830 2877 982 2927 nobis
1021 2879 1363 2931 advehuntur.

292 2949 502 3000 Vanum
523 2957 625 3015 est,
642 2952 782 3016 quod
804 2954 889 3003 hie
914 2951 1142 3004 afferunt
1161 2955 1228 3005 de
1247 2955 1365 3006 Ich-

292 3027 628 3092 thyophagis,
675 3027 762 3093 qui
796 3027 1015 3092 piscium
1069 3037 1365 3081 voratorum

291 3102 622 3153 membranas
661 3103 715 3153 in
760 3110 959 3154 vestem
995 3106 1365 3156 contexebant.

293 3178 462 3232 Quasi
498 3192 624 3229 vero
659 3179 824 3243 pelles
858 3179 1093 3244 piscium,
1121 3181 1251 3245 lupi,
1275 3195 1367 3231 seu

292 3254 448 3304 vitali
468 3255 671 3313 marini,
694 3262 787 3305 aut
817 3255 1171 3320 hippopotami
1194 3271 1368 3306 nsue-

296 3337 480 3382 rentur
500 3330 677 3382 ferinis
702 3331 940 3397 pellibus,
954 3338 1013 3383 ut
1033 3332 1369 3397 pretiosiores

295 3414 357 3458 et
379 3407 762 3471 elegantiores!
799 3407 915 3471 quis
935 3407 1033 3458 hoc
1056 3408 1275 3458 credat?

362 3489 388 3517 ο
422 3482 657 3534 Exta-ior
680 3482 920 3546 Ocenu]
953 3482 1019 3534 Id
1041 3490 1140 3547 est,
1163 3489 1370 3548 septen-

300 3559 541 3610 trionelis
574 3557 835 3622 Oceanus,
870 3560 953 3608 vel
987 3572 1131 3609 mare
1159 3561 1369 3624 pigrum

296 3642 359 3684 et
380 3634 634 3697 ignotum.
699 3632 837 3682 Vide
859 3639 1009 3684 notas
1042 3647 1091 3685 c.
1112 3637 1193 3685 45.
1212 3633 1368 3685 infra.

300 3708 554 3760 ritu-wa.

364 3782 393 3817 ⁴¹
422 3783 654 3834 Fan-ina
690 3781 864 3846 sapiu
887 3781 1049 3847 fineis]
1112 3783 1371 3847 Ieiuigeroe

302 3860 465 3926 igitar
483 3859 726 3924 foemina,
741 3873 839 3911 nec
863 3867 1037 3911 tamen
1052 3862 1193 3911 soloe.
1225 3857 1374 3913 Bene

302 3937 399 3997 ait,
419 3936 610 4000 eopia·

369 4010 645 4061 Diaeonus
681 4010 738 4060 in
774 4010 897 4063 viris
934 4014 1377 4078 agnoscit,l.1v·

306 4100 356 4137 e.
377 4089 432 4136 7.
451 4085 469 4114 ⁸
487 4085 822 4136 Vestimenta
838 4087 911 4136 eis
933 4088 1023 4152 [de
1045 4090 1226 4153 priscis
1244 4090 1380 4140 Lon-

306 4161 555 4225 gobardis
576 4161 673 4224 ait,
692 4160 906 4213 indubie
919 4164 1218 4229 Germanis]
1234 4174 1384 4217 erant

306 4238 430 4292 laxa
462 4243 522 4287 et
558 4235 788 4289 maxine
820 4236 979 4303 linea,
1009 4239 1181 4306 qualia
1202 4240 1386 4307 Angli·

1421 1064 1650 1115 Saxones
1671 1063 1865 1116 habere
1884 1065 2072 1128 solent,
2092 1068 2278 1115 ornata
2295 1063 2488 1115 institis

1421 1141 1711 1204 latioribus,
1731 1142 1875 1192 vario
1898 1143 2071 1192 colore
2093 1141 2390 1192 contextis?

1488 1218 1591 1268 Sed
1617 1217 1874 1283 profecto,
1890 1233 2006 1283 quoe
2026 1219 2109 1267 hic
2126 1218 2191 1267 de
2209 1215 2488 1282 variegatis

1423 1293 1649 1357 latisque
1687 1292 1880 1343 institis
1910 1292 2055 1356 dicit,
2090 1307 2204 1356 nos,
2237 1293 2325 1357 qui
2358 1291 2490 1341 vidi-

1420 1381 1556 1429 mus,
1600 1367 1788 1416 scimus
1832 1368 1991 1417 etiam
2034 1381 2170 1416 nunc
2225 1365 2491 1431 proprium

1427 1442 1672 1492 amictum
1697 1456 1808 1492 esse
1831 1442 2269 1493 Germanicarum.
2322 1443 2457 1505 Lips.

1488 1517 1681 1581 Line-is]
1721 1517 1952 1567 Plinius·
1984 1518 2001 1546 ‘
2021 1517 2082 1567 In
2107 1517 2388 1567 Germania
2408 1531 2495 1566 au·

1424 1600 1534 1643 tem
1576 1592 1771 1644 defossi
1817 1599 1876 1644 et
1926 1592 2021 1643 snb
2072 1600 2214 1643 terra
2265 1590 2321 1640 id
2363 1604 2492 1658 opus

1428 1670 1631 1734 agunt!

1495 1746 1722 1796 Foeminoe
1742 1744 1913 1809 sapius
1932 1743 2070 1794 lineis
2089 1741 2357 1805 uectibus]
2387 1742 2496 1792 Per

1427 1819 1673 1871 amictum
1707 1821 1850 1870 illum
1888 1818 2185 1882 intelligunt
2205 1817 2496 1878 indusinm;

1426 1897 1586 1960 vulgo
1601 1896 1844 1946 camisiam
1863 1908 2130 1958 vocamus,
2151 1892 2315 1943 minus
2336 1896 2500 1955 recte,

1431 1976 1493 2021 ut
1530 1978 1678 2036 puto.
1744 1973 1934 2037 Neque
1970 1971 2109 2021 enim
2148 1984 2236 2020 eos
2280 1968 2500 2018 amictus

1430 2047 1706 2098 interiores
1725 2047 1993 2098 variarent
2015 2051 2106 2096 aut
2144 2059 2378 2111 purpura
2397 2044 2502 2093 dis·

1433 2122 1746 2186 tinguerent.

1495 2197 1686 2261 lineis]
1716 2197 1854 2249 Plin.
1879 2210 1996 2247 xlx.
2019 2200 2068 2246 1.
2102 2195 2120 2225 ‘
2146 2192 2503 2256 Cadurci,Ca·

1432 2273 1549 2338 leti,
1580 2274 1792 2337 Ruteni,
1825 2272 2107 2336 Bituriges,
2127 2272 2395 2335 ultimique
2414 2269 2504 2319 bo·

1436 2350 1630 2400 minum
1656 2349 1934 2399 existimati
1973 2348 2187 2410 Morini,
2207 2348 2362 2396 immo
2383 2359 2505 2395 vero

1441 2425 1630 2477 Gallias
1673 2426 1922 2474 universae
1965 2424 2080 2472 vela
2120 2426 2321 2472 texunt.
2383 2421 2506 2472 Jam

1440 2499 1648 2565 quidem
1673 2505 1729 2549 et
1748 2497 2133 2549 Transrhenani
2152 2498 2359 2546 hostes:
2410 2507 2508 2546 nee

1441 2575 1789 2640 pulchriorem
1810 2574 1963 2626 aliam
1984 2578 2183 2625 vestem
2219 2583 2397 2622 eorum
2416 2569 2509 2620 foe-

1439 2652 1596 2702 minae
1619 2649 1846 2701 novere!

1507 2726 1673 2777 fineis
1707 2723 1979 2787 amictibus]
2040 2727 2127 2776 De
2147 2724 2255 2774 lino
2277 2724 2349 2773 sie
2385 2721 2511 2773 Plu·

1443 2803 1606 2854 tax-ch.
1641 2801 1733 2852 lib.
1758 2801 1827 2851 de
1847 2800 1990 2850 Iside
2029 2806 2086 2849 et
2126 2800 2354 2849 Osiride.
2418 2797 2511 2846 Sa·

1443 2875 1685 2928 cei-dotes
1726 2874 1882 2925 Isiaci
1931 2873 1947 2901 ‘
1969 2871 2128 2922 linum
2175 2877 2401 2936 gestant,
2442 2871 2511 2921 ob

1444 2952 1688 3013 colorem,
1712 2963 1866 3013 quem
1905 2946 2000 2998 flos
2038 2947 2132 2996 lini
2166 2947 2341 3010 babet,
2372 2946 2511 2997 simi·

1444 3028 1548 3077 lem
1568 3025 1729 3075 nitori
1749 3023 1956 3073 aetheris
1973 3020 2219 3071 mundum
2238 3017 2514 3072 ambientis

1445 3139 1460 3154 .
1477 3135 1492 3153 .
1509 3138 1522 3152 .
1539 3103 1620 3152 Ex
1672 3098 2017 3150 excrementis
2056 3103 2339 3148 nascuntur
2375 3096 2511 3162 lana,

1445 3176 1576 3240 villi,
1614 3179 1714 3226 ἃς.
1778 3172 1854 3225 At
1881 3174 2039 3223 linum
2064 3186 2094 3222 e
2120 3179 2261 3222 terra
2282 3170 2515 3221 nascitur

1446 3250 1745 3315 immortali,
1782 3255 1839 3300 et
1874 3248 2101 3299 fructum
2137 3246 2242 3297 fert
2282 3246 2392 3297 esni
2426 3260 2516 3312 ap·

1446 3335 1594 3388 tum;
1645 3332 1839 3376 vestem
1863 3323 2077 3375 exhibet
2109 3328 2312 3374 tenuem
2337 3336 2399 3372 ae
2423 3335 2519 3388 pu·

1448 3418 1581 3466 ram,
1596 3417 1718 3467 quaa
1753 3406 1995 3466 gerentes
2018 3413 2120 3448 non
2142 3404 2342 3463 gravat,
2362 3403 2417 3448 et
2438 3403 2521 3447 est

1450 3486 1578 3545 apta
1596 3479 1829 3530 omnibns
1855 3476 1975 3526 anni
1998 3476 2337 3540 temporibus,
2375 3474 2522 3524 mini-

1448 3573 1638 3625 meque
1659 3557 1928 3623 pediculos
1952 3556 2135 3620 gignit,
2157 3563 2215 3605 ut
2237 3555 2417 3616 aiunt3
2441 3570 2521 3606 sa-

1448 3636 1689 3687 cerdotes
1708 3638 1879 3683 autem
1903 3632 1983 3681 ita
2005 3631 2306 3695 abhorrent,
2343 3631 2412 3681 ab
2435 3646 2523 3680 ex-

1450 3716 1837 3761 crementorum
1881 3706 2101 3770 natura:
2148 3710 2246 3757 &m
2336 3707 2423 3755 Sic
2466 3712 2522 3756 et

1448 3783 1705 3850 Apuleius
1726 3781 1952 3847 Apolog.
1977 3786 2021 3831 l.
2040 3782 2058 3809 ‘
2082 3779 2418 3831 Purissimum
2439 3788 2524 3831 est

1456 3862 1613 3912 rebus
1654 3860 1840 3910 divinis
1879 3860 2239 3909 velamentum.
2316 3855 2525 3920 Quippe

1456 3941 1580 3990 lana
1620 3935 1909 4002 segnissimi
1960 3934 2191 3998 corporis
2232 3943 2530 3981 excremen-

1458 4027 1570 4067 tum
1594 4014 1770 4080 pecori
1795 4013 2052 4073 detracta,
2065 4010 2176 4073 jann
2193 4007 2312 4056 inde
2327 4006 2528 4070 Orphei

1461 4098 1518 4143 et
1539 4091 1855 4157 Pythagorae
1877 4088 2021 4138 scitis
2044 4082 2285 4148 profanus
2308 4081 2527 4134 vestitus

1461 4178 1574 4220 est:
1626 4167 1856 4219 sedenim
1894 4159 2226 4214 mundissima
2246 4157 2339 4206 lini
2362 4165 2533 4232 seges,

1460 4247 1603 4297 inter
1616 4244 1839 4310 optimas
1851 4239 2030 4303 fruges
2046 4243 2188 4287 terra
2199 4237 2528 4301 exorta,'&e.
