3000 4859
959 375 1369 441 Acnrcom,
1407 376 1581 427 cAr.
1621 357 1731 427 45.

2268 340 2545 429 emr‘

1235 583 1449 637 NOTAE

229 728 318 766 an
335 711 638 777 induxerat,
663 717 720 765 et
740 749 753 765 .
770 748 785 764 .
801 746 818 767 .
834 748 848 764 .
866 712 1021 765 facile
1063 713 1300 779 perfece-

234 797 341 852 rat,
363 795 424 838 nt
446 789 606 839 etiam
627 802 771 840 more
800 791 1049 854 majorum
1086 792 1299 855 punien-

231 866 290 917 di
327 866 832 917 condemnarentur:
888 866 1075 917 deinde
1114 868 1299 918 atroci-

235 948 350 993 tate
371 956 538 1006 poenae
560 944 871 993 conterritus
910 943 974 992 ad
1007 944 1299 994 leniendam

233 1017 484 1069 invidiam
534 1019 832 1070 intercessit
869 1020 947 1069 bis
1000 1020 1234 1072 verbis..
1253 1048 1298 1072 .-

233 1090 544 1147 Permittite
566 1096 633 1144 P.
655 1096 717 1145 C.
740 1109 771 1144 a
792 1096 988 1160 pietate
1011 1104 1187 1146 vestra
1207 1097 1300 1147 im·

233 1171 435 1235 petnri
453 1207 467 1221 .
484 1204 497 1219 .
518 1204 533 1220 .
554 1205 569 1221 .
587 1178 647 1221 ut
659 1172 915 1223 damnatis
932 1173 1152 1225 liberum
1169 1189 1299 1224 mor-

239 1246 309 1298 tis
333 1246 599 1297 arbitrium
622 1247 966 1311 indulgeatis?

303 1318 605 1385 Helvi-lium]
635 1322 962 1375 Defenderat
1000 1324 1304 1376 Helvidium

237 1396 402 1448 filium
444 1398 666 1462 Plinius,
697 1400 811 1449 scil.
849 1407 969 1463 post
985 1402 1304 1452 exstinctum

238 1475 612 1526 Domitianum.
677 1475 799 1539 Ipse
835 1476 973 1525 Plin.
1018 1478 1186 1542 Epist.
1228 1492 1304 1530 ιν.

236 1556 324 1602 21.
357 1553 374 1581 ⁴
397 1552 614 1602 Patrem
635 1552 838 1603 illarum
857 1553 1161 1605 defunctum
1184 1570 1307 1619 quo-

237 1642 358 1694 que,
378 1628 500 1692 [sub
522 1628 817 1680 Domitiano
837 1631 1107 1695 occisum,]
1129 1646 1305 1696 perse-

238 1704 600 1755 verantissime
637 1705 822 1770 diligo,
852 1714 912 1757 ut
950 1707 1156 1757 actione
1187 1722 1305 1758 mea

235 1779 489 1845 librisque
510 1787 755 1831 testatum
774 1788 856 1832 est
874 1799 889 1832 ι
908 1781 993 1832 cui
1013 1797 1150 1832 nunc
1173 1798 1303 1834 unus

238 1870 306 1907 ex
328 1856 496 1907 tribus
516 1856 695 1906 liberis
715 1866 973 1922 superest,
993 1858 1302 1924 domumque

227 1933 471 1999 pluribus
517 1933 840 1985 adminiculis
877 1941 999 1985 ante
1031 1933 1297 1985 fundatam

233 2010 501 2063 desolatos
523 2008 752 2061 fulcitae
767 2011 1026 2063 sustinet!

303 2088 377 2137 Et
413 2086 585 2149 Epist.
607 2100 705 2136 vn.
726 2091 810 2137 80.
841 2089 858 2115 ‘
883 2087 1034 2137 Licet
1071 2092 1131 2137 tu
1173 2086 1299 2136 mihi

233 2160 426 2215 bonum
467 2162 692 2211 animum
738 2161 920 2226 facias,
965 2164 1054 2228 qui
1093 2162 1299 2214 libellos

235 2251 382 2287 meos
422 2237 490 2287 de
547 2238 744 2288 ultione
794 2237 1026 2288 Helvidii
1081 2238 1303 2288 orationi

235 2313 608 2365 Demosthenis
629 2313 754 2364 m&
781 2312 988 2379 Μειδίου,
1019 2318 1182 2364 contra
1204 2314 1303 2363 Mu·-

233 2391 385 2452 Μαι,
402 2388 641 2452 confers,'
663 2394 762 2443 stc.
828 2391 1039 2443 Quanto
1055 2390 1228 2440 studio
1245 2396 1304 2442 et

237 2466 426 2516 ardore
479 2464 535 2515 id
588 2465 776 2529 egerit,
829 2467 1018 2531 passim
1070 2465 1304 2516 celebrat

235 2541 374 2593 idem
405 2542 546 2592 Plin.
573 2543 650 2592 sic
688 2550 744 2592 et
764 2543 931 2606 Epist.
963 2555 1087 2595 vul.
1120 2547 1202 2593 12.
1236 2542 1304 2592 de

236 2618 493 2682 Capitone
518 2634 533 2666 z
568 2618 584 2645 ‘
608 2618 804 2668 Scribit
835 2618 1005 2667 exitus
1024 2617 1304 2667 illustrium

236 2694 481 2756 virorum,
500 2693 660 2755 iniis,
692 2693 1011 2758 quorundam
1043 2693 1306 2743 miliiclia-

235 2770 567 2823 rissimorum.
631 2769 827 2820 Videor
869 2784 994 2832 ergo
1033 2767 1179 2832 fungi
1219 2768 1306 2832 pio

235 2861 469 2910 munere,
503 2859 939 2911 quorumcumque
960 2844 1204 2909 exequias
1220 2858 1305 2892 ce-

236 2923 440 2973 lebrare
472 2937 575 2972 non
596 2921 764 2984 licuit,
792 2921 972 2972 horum
996 2921 1140 2985 quasi
1162 2920 1305 2970 fune-

236 2997 418 3048 bribus
456 2997 856 3060 laudationibus,
909 2996 1040 3047 seris
1078 2996 1310 3065 quidem,

235 3076 330 3126 sed
353 3081 503 3125 tanto
524 3075 687 3136 magis
709 3074 844 3123 veris
866 3071 1149 3123 interesse:

304 3151 613 3214 Helvidium]
648 3150 868 3211 Plinius,
887 3150 1113 3213 ipsomet
1152 3151 1304 3209 teste,

238 3228 410 3293 Epist.
429 3240 513 3276 rx.
539 3231 619 3276 13.
645 3226 733 3276 ubi
750 3226 820 3275 de
854 3225 1097 3275 Publicio
1126 3225 1307 3288 Certo,

238 3304 329 3370 qui
371 3303 672 3353 Helvidium
713 3300 1039 3352 subverterat
1075 3308 1305 3351 cruentas

239 3380 546 3430 adulationis
567 3378 781 3441 flagitio,
802 3375 1079 3441 magnifica
1102 3376 1306 3431 actione

238 3458 381 3506 ultus
413 3462 496 3506 est
528 3454 766 3505 amicum.
833 3454 901 3503 Et
923 3453 977 3502 in
997 3451 1101 3503 fine
1118 3453 1308 3503 oratio-
1337 3486 1344 3497 .

237 3531 322 3583 nis
339 3517 664 3582 extollebant
695 3545 813 3580 eum
851 3536 1027 3595 patres
1050 3528 1307 3580 universi:

238 3609 254 3636 ‘
281 3608 403 3659 Non
441 3606 575 3668 fere,
594 3606 784 3671 inquit,
807 3606 1074 3671 quisquam
1095 3606 1148 3657 in
1163 3619 1310 3654 seua-

239 3692 300 3739 tu
322 3683 441 3745 fuit,
475 3685 562 3749 qui
599 3698 682 3733 me
719 3697 818 3732 uon
851 3683 1311 3747 complecteretur,

240 3762 650 3822 exoscularetur,
666 3761 1011 3823 certatimque
1029 3759 1207 3809 laudes
1223 3773 1313 3809 cu-

240 3838 485 3900 mularet,
528 3837 667 3902 quod
715 3837 1059 3886 intermissum
1090 3834 1311 3898 jamdiu

242 3928 437 3966 morem
460 3915 510 3963 in
537 3913 803 3979 publicum
842 3910 1168 3970 consulendi,
1206 3924 1313 3958 sus-

242 3990 412 4055 ceptis
436 3989 659 4054 propriis
699 3988 1050 4038 simultatibus
1084 3986 1313 4035 reduxis-

243 4065 392 4133 sem,'
414 4069 513 4114 dcc.
538 4064 704 4126 Dicit,
733 4063 940 4128 propriis
975 4060 1313 4125 simultatibus,

245 4141 371 4207 qnia
385 4141 497 4204 jam
519 4139 723 4205 pridem
746 4153 848 4188 non
866 4138 1089 4203 propriis
1112 4144 1205 4187 aut
1222 4137 1312 4186 do·

245 4216 479 4269 mesticis
519 4214 653 4266 odiis
696 4213 1016 4265 accusabant
1049 4227 1182 4279 reos,
1217 4213 1313 4264 sed

352 4284 563 4363 'mm
582 4299 630 4346 a
657 4296 773 4348 var.
794 4296 923 4349 cta.

1291 4291 1446 4346 Ταοίὲ.

1378 716 1581 766 scelere
1603 720 1658 764 et
1680 713 1932 765 instinctu
1951 713 2118 765 alieno
2138 713 2191 764 in
2208 715 2441 781 egregios

1378 796 1434 841 et
1457 790 1759 841 innocentes
1781 790 1917 841 viros
1956 790 2260 856 seviebant,
2277 792 2442 844 exitio

1375 865 1608 931 publico.

1441 941 1749 1005 Helvidium]
1768 941 1905 992 Plin.
1916 941 2085 1007 Epist.
2100 956 2187 995 ur.
2208 950 2261 996 2.
2282 945 2299 973 ‘
2313 945 2446 1011 Sep·

1377 1023 1487 1069 tem
1510 1018 1685 1068 amicis
1705 1018 1852 1081 meis,
1868 1024 1959 1068 aut
1979 1019 2182 1080 occisis,
2196 1027 2287 1070 aut
2307 1021 2444 1073 rele·

1380 1094 1546 1159 gatis:
1589 1093 1794 1144 Occisis
1841 1094 2148 1158 Senecione,
2205 1097 2445 1165 Rustico,

1379 1170 1642 1222 Helvidio.
1706 1170 1975 1234 Relegatis
2009 1171 2263 1236 Maurico,
2308 1174 2446 1226 Gra·

1381 1247 1515 1309 tilla,
1536 1245 1711 1308 Arria,
1753 1246 1984 1295 Fannia?
2046 1246 2273 1298 Gratilla
2304 1247 2444 1302 forte

1383 1339 1514 1375 uxor
1553 1332 1646 1375 aut
1682 1322 1789 1373 filia
1826 1323 2068 1374 Maurici.
2150 1324 2308 1375 Arria
2343 1325 2446 1377 fnit

1384 1406 1555 1450 mater
1596 1401 1826 1462 Fanniae,
1861 1415 1978 1464 quoe
2016 1414 2243 1451 noverca
2264 1401 2446 1453 Helvi-

1384 1477 1457 1525 dii
1490 1476 1744 1540 junioris:
1798 1476 1914 1526 haec
1967 1476 2124 1527 Arria
2176 1476 2279 1529 fuit
2310 1492 2446 1529 uxor

1383 1556 1648 1617 Thrasea,
1683 1570 1751 1605 ex
1784 1553 1940 1604 Arria
1961 1554 2099 1604 Paeti
2121 1555 2343 1606 Caeclnoe
2357 1569 2446 1620 ge-

1379 1630 1516 1680 nita.
1583 1628 1785 1680 Fannia
1803 1629 1915 1679 hec
1931 1629 2178 1679 Thraseae
2201 1636 2259 1680 et
2273 1630 2447 1683 Arria

1383 1704 1490 1754 filia
1530 1711 1586 1755 et
1620 1718 1750 1754 uxor
1782 1703 2009 1753 secunda
2029 1703 2263 1755 Helvidii
2280 1705 2449 1756 senio·

1382 1781 1474 1842 ris,
1489 1787 1548 1830 et
1568 1784 1948 1843 consequenter
1964 1792 2191 1829 noverca
2212 1777 2447 1831 Helviam

1381 1855 1494 1919 filii,
1517 1856 1605 1922 qui
1627 1870 1695 1907 ex
1729 1854 1905 1919 priore
1927 1855 2028 1905 alia
2059 1869 2220 1906 uxore
2240 1857 2447 1919 genitus

1377 1938 1510 1983 erat.

1441 2011 1622 2060 Manus
1640 2009 1839 2073 amm]
1872 2009 2012 2059 Puto
2032 2008 2129 2059 hoc
2150 2008 2315 2073 ipsum
2338 2016 2445 2061 meo

1379 2086 1628 2137 tuebatur
1664 2086 1762 2135 sub
1805 2086 2040 2148 Nerone,
2072 2100 2191 2136 cum
2222 2087 2448 2138 Thrasea

1378 2164 1489 2214 scil.
1515 2164 1854 2222 consultaret,
1891 2176 1958 2211 an
1989 2162 2353 2225 ingrederetur
2369 2177 2446 2213 se·

1378 2247 1579 2304 natum,
1624 2239 1762 2290 Anu.
1804 2239 1894 2290 lib.
1934 2251 2053 2289 xvi.
2091 2237 2447 2303 opponebant

1380 2316 1553 2375 amici,
1582 2316 1600 2344 ‘
1622 2315 1843 2365 ludibria
1882 2321 1940 2365 et
1976 2314 2316 2365 contumelias
2351 2315 2445 2364 im·

1380 2393 1578 2443 minere
1611 2392 1688 2455 [in
1710 2390 1953 2454 senatu]=
1992 2393 2321 2443 subtraheret
2355 2406 2446 2443 aut

1382 2484 1466 2519 res
1489 2467 1739 2518 conviciis
1762 2474 1817 2517 et
1839 2468 2062 2532 probris.
2128 2470 2250 2518 Non
2276 2469 2445 2519 solum

1384 2546 1741 2596 Cossutianum
1782 2551 1874 2595 aut
1915 2544 2133 2608 Eprium
2166 2544 2233 2593 ad
2277 2546 2444 2595 scelus

1384 2628 1632 2685 promtos,
1673 2625 1941 2685 superesse
1976 2620 2063 2684 qui
2102 2617 2322 2670 forsitan
2343 2635 2448 2671 ma-

1383 2709 1480 2745 nus
1499 2697 1739 2761 ictusque
1761 2710 1856 2759 per
1878 2695 2252 2745 immanitatem
2289 2695 2447 2746 aude-

1384 2780 1521 2831 rent,
1558 2773 1717 2822 etiam
1757 2773 1916 2821 bonos
1947 2779 2088 2822 metu
2112 2773 2275 2837 sequi.
2341 2773 2447 2823 De-

1385 2850 1618 2900 traheret
1656 2848 1830 2912 potius
1853 2848 2077 2910 senatui,
2097 2862 2250 2913 quem
2271 2862 2449 2912 peror-

1382 2924 1625 2986 navisset,
1666 2922 1926 2972 infamiam
1958 2923 2093 2972 tanti
2127 2920 2449 2987 fiagitii,&c.
2486 2920 2497 2933 ¹

1379 2999 1610 3050 Proinde
1624 2997 2300 3062 intemeratus,impollutus‚
2324 3013 2450 3063 quo·

1381 3090 1495 3125 rum
1516 3075 1750 3139 vestigiis
1772 3082 1828 3124 et
1850 3073 2031 3125 studiis
2047 3075 2209 3126 vitam
2224 3074 2453 3140 duxerit,

1384 3165 1561 3201 eorum
1579 3152 1743 3213 gloria
1764 3157 1975 3215 peteret
1996 3150 2191 3200 finem!

1450 3228 1728 3278 Helvidium
1742 3227 1795 3277 in
1812 3228 2067 3292 carcerem]
2099 3228 2267 3279 Quam
2306 3224 2453 3278 disai-

1385 3303 1534 3354 miles
1584 3303 1660 3353 illi
1702 3310 1933 3354 veterum
1984 3312 2208 3369 patrum.
2274 3304 2350 3354 Hi
2392 3314 2452 3355 se

1386 3379 1535 3443 longe
1559 3379 1714 3429 aliter
1735 3394 1943 3445 gessere
1980 3381 2104 3430 olim
2144 3395 2269 3445 erga
2301 3382 2456 3432 Cato·

1387 3470 1525 3505 nem.
1591 3456 1768 3505 Valer.
1794 3457 1941 3506 Max.
1974 3457 2061 3507 lib.
2083 3470 2146 3506 ιι.
2181 3458 2198 3485 ‘
2225 3457 2302 3506 M.
2326 3472 2454 3521 quo·

1389 3544 1490 3596 que
1509 3530 1752 3580 Porcium
1774 3532 2025 3580 Catonem
2047 3531 2318 3581 admiratio
2340 3548 2451 3585 sor·

1389 3607 1458 3656 tis
1478 3612 1536 3655 et
1565 3607 1781 3655 siucerae
1804 3607 1926 3656 vitoe
1945 3607 2076 3657 adeo
2093 3608 2451 3659 admirabilem

1390 3681 1594 3731 senatui
1635 3679 1782 3742 fecit,
1814 3688 1874 3730 ut
1894 3696 2031 3743 cum,
2065 3683 2229 3734 invito
2251 3686 2310 3734 C.
2336 3685 2451 3735 Cae-

1388 3772 1507 3808 sare
1562 3757 1789 3819 consule,
1853 3755 2099 3808 adversus
2150 3758 2452 3822 publicanos

1390 3832 1610 3884 dicendo
1652 3832 1705 3883 in
1762 3833 1921 3883 Curia
1969 3834 2104 3884 diem
2135 3833 2453 3893 extraheret,

1390 3917 1447 3960 et
1463 3910 1531 3960 ob
1550 3906 1605 3959 id
1622 3909 1734 3973 ejus
1761 3909 1915 3973 jussu
1934 3925 1966 3958 a
2002 3910 2188 3958 lictore
2204 3907 2257 3955 in
2278 3921 2455 3957 carce·

1391 4000 1501 4035 rem
1547 3986 1840 4048 duceretur,
1875 3985 2144 4035 universus
2163 3988 2373 4033 senatus
2396 3981 2456 4031 ii·

1389 4060 1494 4112 lum
1535 4062 1681 4127 sequi
1723 4076 1827 4111 non
1865 4058 2162 4119 dubitavit3
2208 4072 2324 4122 qum
2368 4071 2455 4109 res

1392 4139 1552 4188 divini
1577 4137 1734 4188 animi
1745 4132 2189 4201 perseverantiam
2210 4129 2391 4182 flexit.'

2179 4279 2325 4340 1⁰11
