3000 4859
547 338 726 408 3758

1339 353 1440 403 DE
1487 351 1822 402 oaA‘rotu
1832 352 1968 403 BUS

1536 583 1751 638 1101·AE

549 694 793 760 omniun,
830 709 999 760 neque
1027 695 1165 747 forte
1189 695 1382 762 aliquid
1403 695 1611 761 perfec-

549 772 653 822 tius
667 769 805 821 effici
827 779 1008 835 potest
1028 772 1080 821 in
1101 773 1200 821 hoc
1218 785 1427 836 genere,
1438 785 1610 835 neque

549 861 778 912 unquam
797 846 1051 897 efficietur
1081 848 1130 897 in
1154 849 1294 897 omni
1317 846 1611 897 futurorum

548 925 853 974 seculorum
879 925 1203 974 u’teruitste:
1233 923 1370 988 qnod
1394 932 1450 973 et
1471 923 1609 974 idem

550 1000 746 1050 dictum
769 1002 926 1051 semel
953 1002 1184 1051 volumus
1210 1010 1266 1050 et
1287 1000 1458 1052 animo
1480 1015 1608 1063 prm-

549 1077 769 1141 cipimus
812 1078 877 1128 de
920 1079 1128 1127 summis
1166 1079 1480 1138 oratoribus,
1510 1077 1611 1125 De-

549 1154 822 1204 mosthene
847 1154 1047 1204 scilicet
1067 1162 1123 1204 et
1147 1155 1419 1216 Cicerone,
1453 1160 1511 1202 et
1545 1153 1612 1203 de

549 1231 863 1295 philosophis
909 1231 1238 1281 divinissimis
1284 1232 1508 1281 Plutone
1555 1239 1613 1282 ct

565 1308 867 1360 Aristotele.
954 1309 1130 1357 Panes
1175 1308 1324 1358 Fabii
1364 1307 1613 1357 addemus

551 1384 617 1434 de
639 1385 850 1435 Lucsuo
882 1390 938 1434 et
960 1385 1132 1434 Saleio
1145 1385 1327 1446 Basso,
1349 1399 1412 1434 ex
1435 1385 1470 1433 l.
1492 1397 1549 1432 x.
1567 1388 1615 1434 1.

549 1462 565 1489 ⁴
587 1461 824 1510 Lucanus
842 1460 1029 1509 ardens
1048 1466 1103 1510 ct
1118 1460 1405 1510 concitatus
1428 1467 1482 1510 et
1505 1474 1618 1510 sen-

550 1536 733 1587 tentiis
757 1536 1093 1599 clarissimus,
1109 1543 1185 1597 et,
1199 1543 1260 1586 ut
1282 1536 1452 1588 dicsm
1477 1538 1617 1602 quod

548 1612 744 1673 seutio2
766 1612 926 1675 magis
945 1613 1258 1674 oratoribus,
1273 1627 1424 1676 quum
1448 1613 1619 1677 poetis

551 1687 1002 1738 annumerandus!
1055 1688 1190 1737 Ibid.
1214 1689 1230 1716 ‘
1250 1689 1543 1738 Vehemens
1561 1696 1618 1739 et

552 1762 816 1826 poeticum
856 1763 1115 1826 ingenium
1137 1763 1292 1812 Saleii
1315 1765 1461 1813 Bassi
1497 1764 1620 1828 fuit,

552 1851 650 1887 uec
669 1838 836 1901 ipsum
855 1843 1125 1887 senectute
1147 1840 1444 1887 maturum?

616 1912 703 1962 Sic
746 1921 920 1962 autem
955 1919 1012 1963 et
1049 1914 1114 1962 de
1151 1915 1408 1964 historicis
1453 1916 1620 1978 Livio,

553 1986 764 2038 Aufidio
804 1989 986 2048 Bssso,
1022 1990 1240 2039 Servilio
1265 1990 1522 2050 Noniano,
1562 1998 1616 2040 ct

557 2064 665 2112 aliis
706 2064 889 2115 Quint.
929 2076 987 2113 x.
1032 2070 1077 2113 l.
1111 2067 1128 2092 ‘
1155 2066 1270 2114 Nec
1315 2065 1620 2129 indignetur

561 2139 658 2186 sibi
697 2138 997 2188 Herodotus
1038 2141 1230 2203 aquari
1274 2141 1340 2190 T.
1376 2140 1620 2201 Livium;

553 2228 670 2262 cnm
710 2214 763 2261 in
801 2214 1058 2263 narrando
1093 2216 1239 2264 mirae
1271 2216 1620 2278 jucunditatis

555 2289 924 2354 clarissimique
944 2290 1203 2352 candoris,
1225 2297 1332 2341 tum
1369 2293 1420 2341 iu
1447 2293 1622 2343 conci-

554 2365 752 2426 onibus,
779 2380 938 2428 supra
969 2381 1119 2430 quam
1158 2368 1391 2416 enarrari
1424 2375 1624 2431 potest,

556 2441 885 2505 eloquentem
907 2459 920 2490 ε
957 2441 1030 2491 ita
1052 2443 1296 2493 dicuutur
1311 2445 1481 2493 omnis
1504 2459 1622 2494 cum

559 2516 717 2566 rebus
762 2525 869 2565 tum
911 2519 1145 2580 personis
1202 2520 1623 2569 accommodata:

560 2593 651 2642 sed
695 2590 913 2644 affectus
951 2593 1178 2658 quidem,
1218 2596 1483 2659 praecipue
1517 2610 1627 2658 eos,

559 2671 791 2734 quisunt
813 2670 1089 2732 dulciores,
1128 2678 1184 2720 ut
1215 2672 1510 2733 parcissime
1551 2673 1626 2720 di-

561 2758 696 2806 cam,
717 2759 868 2793 nemo
908 2745 1264 2794 historicorum
1303 2747 1627 2797 commenda-

559 2821 636 2870 vit
660 2823 842 2884 magis.
878 2821 1108 2884 Ideoque
1126 2822 1465 2873 immortalem
1483 2824 1626 2873 illam

560 2895 788 2945 Sallustii
813 2898 1143 2947 velocitatem
1183 2898 1400 2949 diversis
1421 2902 1625 2950 virtuti·

565 2968 660 3020 bus
682 2980 989 3023 consecutus
1013 2981 1109 3024 est.
1180 2976 1312 3031 Nam
1334 2976 1455 3024 mihi
1478 2991 1625 3040 egre·

561 3048 644 3111 gie
683 3046 874 3097 dixisse
915 3049 1121 3098 videtur
1143 3052 1392 3100 Servilius
1437 3052 1625 3100 Nonis-

563 3138 660 3173 nus
700 3139 850 3187 pares
891 3140 980 3174 eos
1022 3126 1185 3189 magis
1207 3141 1355 3190 quam
1393 3126 1620 3176 similes:

570 3200 734 3263 quiet
773 3200 884 3263 ipse
919 3217 949 3250 a
983 3202 1128 3251 nobis
1154 3203 1356 3251 auditus
1380 3210 1480 3264 est,
1502 3203 1631 3252 clari

563 3275 646 3323 vir
669 3276 881 3338 ingenii,
903 3284 959 3326 et
1001 3278 1273 3327 sententiis
1305 3278 1508 3340 creber,
1539 3278 1633 3328 sed

570 3350 737 3400 minus
760 3366 966 3414 pressus
991 3367 1142 3416 quam
1163 3353 1388 3402 historia·
1412 3355 1634 3404 auctori-

570 3432 653 3479 tas
675 3429 938 3492 postulat!
984 3429 1117 3479 Vide
1138 3429 1259 3478 dial.
1284 3443 1331 3478 c.
1354 3434 1438 3478 2³.

633 3506 715 3555 De
739 3505 944 3555 Aufidio
980 3508 1138 3555 Basso
1176 3505 1298 3556 dial.
1343 3522 1390 3556 c.
1415 3510 1496 3557 22.
1562 3508 1634 3557 Et

574 3581 754 3632 Quint.
791 3582 824 3630 l.
843 3597 894 3630 x.
920 3587 967 3632 l.
1002 3584 1017 3610 ‘
1044 3584 1211 3633 Qunam
1237 3584 1446 3645 paulum
1471 3590 1632 3633 aetate

573 3656 875 3720 praecedens
915 3673 1028 3707 eum
1067 3660 1409 3723 [Nonianum]
1443 3649 1633 3710 Bessus

576 3731 810 3782 Aufidius
834 3735 1040 3796 egregie
1065 3736 1239 3800 utique
1262 3736 1313 3784 in
1341 3737 1487 3788 libris
1510 3737 1632 3786 belli

574 3810 870 3860 Germanici
895 3813 1155 3875 praestitit,
1170 3828 1359 3874 genere
1382 3815 1494 3877 ipso
1519 3828 1634 3877 pro-

574 3886 759 3938 babilis
780 3889 830 3936 in
856 3889 1111 3951 omnibus,
1145 3889 1234 3937 sed
1260 3891 1312 3938 in
1333 3891 1635 3952 quibusdum

577 3963 682 4013 suis
739 3965 845 4026 ipse
892 3965 1080 4013 viribus
1136 3966 1316 4013 minor.
1384 3969 1637 4027 Superest

580 4038 767 4100 adhuc,
791 4042 1002 4104 [putant
1042 4040 1096 4088 id
1119 4040 1313 4089 dictum
1339 4041 1404 4088 de
1428 4042 1635 4089 Cornel.

577 4114 763 4164 Tacito
786 4116 1001 4179 ποια-0,]
1021 4123 1079 4165 et
1100 4124 1316 4167 exornat
1328 4117 1497 4166 aetatis
1522 4131 1638 4165 uos·

581 4195 679 4240 tre
698 4190 934 4258 gloriam,
967 4192 1046 4240 vir
1067 4193 1372 4244 saeculorum
1394 4192 1640 4245 memoris

1690 695 1892 760 dignus,
1924 693 2017 759 qui
2052 691 2176 744 olim
2212 691 2582 758 nominabitur,
2613 706 2758 745 nnnc

1690 771 2017 833 intelligitur.
2084 769 2264 819 Habet
2319 775 2598 832 amatores,
2650 782 2759 820 nec

1688 853 1992 912 imitatores,
2006 857 2066 901 ut
2086 848 2318 909 libertas,
2337 861 2628 911 quanquam
2650 848 2760 897 cit-

1689 928 1925 979 cumcisis
1962 941 2079 991 quae
2133 925 2367 985 dixisset,
2399 926 2448 972 ei
2492 923 2761 975 nocuerit.

1690 1004 1792 1056 Sed
1814 1006 2004 1054 elstum
2037 1001 2245 1051 abunde
2283 1000 2539 1063 spiritum,
2567 1007 2626 1050 et
2662 1015 2762 1049 sn·

1690 1081 1846 1130 daces
1877 1077 2156 1129 sententias
2190 1074 2555 1141 deprehendas
2592 1077 2763 1125 etism

1692 1156 1823 1205 iniis
1844 1169 1962 1219 qum
1985 1152 2225 1203 manent!
2273 1152 2373 1201 11ae
2397 1159 2544 1200 certe
2570 1151 2760 1200 {sudes

1685 1231 1808 1295 jure
1831 1231 2017 1279 merito
2037 1229 2221 1277 'Facito
2244 1227 2399 1277 tribui
2436 1227 2671 1276 debent
2697 1233 2763 1277 et

1695 1307 1910 1370 possint.
1973 1305 2079 1356 Sed
2102 1320 2167 1354 sn
2204 1319 2258 1354 se
2292 1305 2405 1368 ipse
2427 1303 2763 1355 circumcidit

1695 1382 2002 1431 Cornelius?
2033 1395 2127 1430 cur
2147 1387 2202 1430 et
2225 1379 2462 1444 quaudo?
2498 1387 2554 1428 et
2577 1381 2629 1427 in
2656 1395 2762 1443 quo

1696 1459 1889 1523 opere?
1946 1457 2100 1507 Haud
2126 1457 2281 1506 dubie
2320 1456 2445 1503 nihil
2471 1455 2765 1518 scripserat

1694 1536 1911 1584 Tacitus
1933 1535 2001 1584 de
2021 1533 2340 1595 Domitiano,
2361 1532 2473 1594 ipso
2499 1532 2766 1594 impersu-

1698 1618 1773 1673 te‚
1795 1617 1887 1661 sut
1909 1620 2059 1661 certe
2078 1610 2204 1658 nihil
2227 1609 2484 1658 emiserat.
2551 1600 2765 1668 Restat,

1699 1695 1757 1737 ut
1776 1686 2046 1751 scripserit
2068 1699 2148 1734 res
2172 1692 2343 1748 gestas
2364 1683 2671 1745 Vespasiani
2706 1688 2765 1733 et

1697 1766 1807 1815 Titi
1849 1765 2077 1828 ipsorum
2117 1762 2433 1826 principatu,
2462 1765 2556 1808 sut
2594 1766 2768 1822 certe,

1697 1841 1987 1903 imperante
2013 1837 2339 1896 Doiuitisu03
2372 1836 2467 1884 sub
2488 1849 2593 1898 quo
2638 1841 2767 1883 mtt-

1696 1921 1802 1963 tem
1831 1921 1883 1962 et
1909 1914 2195 1963 doctrinam
2220 1913 2453 1960 idoneum
2480 1911 2765 1962 scribendo

1688 1989 1798 2052 jum
1824 1989 2104 2050 attigeret:
2142 2002 2256 2036 narn
2280 1988 2490 2035 Prsetor
2524 1994 2578 2035 et
2601 1988 2767 2038 Quin-

1698 2064 1946 2113 decimvir
1969 2064 2079 2126 ipse
2103 2061 2254 2111 affuit
2273 2062 2402 2110 ludis
2434 2062 2767 2112 saecularibus

1700 2141 2007 2190 Domitiani.
2074 2141 2145 2188 Et
2168 2153 2282 2187 cum
2310 2139 2436 2188 talis
2471 2139 2767 2202 scripsisset

1702 2217 1796 2266 sub
1833 2229 1996 2279 pravo
2032 2214 2449 2279 importuneque,
2484 2222 2543 2264 et
2581 2215 2769 2265 studiis

1703 2298 1759 2343 et
1793 2293 1993 2342 artibus
2030 2306 2092 2341 ac
2126 2291 2355 2341 libertati
2394 2291 2583 2341 infesto
2607 2292 2770 2340 domi-

1703 2373 1878 2429 nante,
1899 2367 2034 2417 sorte
2068 2368 2443 2417 circumcidere
2479 2369 2647 2417 multa
2680 2368 2770 2416 hu·

1696 2442 1787 2505 jus
1810 2441 2037 2490 historiae
2060 2448 2268 2490 coactus
2304 2449 2404 2502 est,
2437 2449 2624 2504 postea
2660 2449 2772 2492 ton

1704 2519 1944 2566 libertate
1981 2530 2281 2580 egressurus
2316 2525 2371 2566 et
2394 2525 2677 2579 erupturus
2699 2516 2774 2565 fe-

1703 2593 1789 2641 lici
1814 2594 2002 2642 saecnlo
2028 2594 2219 2642 Nervae
2243 2601 2298 2641 et
2315 2592 2541 2656 Trajani‚
2563 2601 2623 2642 ut
2657 2593 2771 2656 ipse

1706 2674 1948 2728 testatur,
1970 2675 2024 2715 et
2047 2681 2149 2731 quo
2171 2668 2286 2730 jam
2304 2668 2499 2718 sentire
2524 2682 2641 2732 quie
2666 2667 2774 2716 vel·-

1706 2745 1801 2805 les,
1838 2750 1895 2792 et
1932 2742 2110 2791 dicere
2150 2757 2266 2807 quae
2308 2743 2553 2804 sentires,
2585 2751 2773 2807 aperto

1707 2829 1922 2886 pectore
1965 2822 2131 2871 licuit.
2198 2822 2298 2870 Sed
2336 2822 2387 2870 iu
2421 2821 2607 2872 Tacito
2643 2835 2771 2871 vere

1707 2898 1867 2947 tribui
1905 2912 1935 2946 s
1958 2898 2121 2947 Fabio
2142 2912 2244 2948 uon
2282 2898 2404 2947 satis
2423 2903 2772 2961 compertum,

1706 2989 1808 3024 non
1842 2975 1967 3023 satis
2004 2975 2174 3038 liquet
2212 2974 2280 3024 de
2320 2988 2422 3038 quo
2467 2980 2680 3022 auctore
2714 2972 2771 3021 id

1706 3051 1992 3115 scripserit.
2026 3052 2163 3100 Nam
2183 3050 2274 3099 sub
2293 3049 2592 3099 Domitiano
2608 3050 2778 3112 scrip-

1711 3121 1836 3176 sisse
1875 3136 1963 3176 sut
2002 3127 2229 3177 edidisse
2266 3128 2550 3188 historiam,
2584 3135 2677 3178 aut
2713 3142 2773 3178 se

1713 3204 1819 3253 ulla
1875 3211 2023 3267 purte
2078 3204 2469 3254 circumcidisse
2509 3206 2775 3269 'racitum,

1712 3279 2000 3329 nullatenus
2045 3286 2356 3330 coustst.ex
2400 3281 2533 3344 ipso,
2572 3289 2667 3330 ant
2705 3296 2775 3330 ex

1713 3355 2008 3418 Plinio,qui
2031 3370 2149 3404 cum
2170 3371 2310 3419 saepe
2353 3362 2525 3405 tamen
2563 3363 2619 3406 et
2642 3371 2777 3428 'pas-

1713 3431 1809 3480 sim
1854 3431 2032 3480 lsudat
2068 3431 2119 3479 in
2162 3431 2412 3494 epistolis,
2446 3440 2498 3480 et
2536 3430 2590 3480 id
2636 3430 2775 3482 haud

1713 3506 1869 3555 dubie
1890 3520 1992 3556 non
2018 3506 2265 3557 tacuisset
2283 3506 2504 3566 Plinius,
2526 3521 2644 3556 cum
2658 3507 2779 3570 ejus

1712 3584 1949 3633 historias
1988 3584 2163 3635 lsndnt
2199 3598 2263 3633 ex
2304 3584 2571 3648 professo:
2607 3593 2665 3635 et
2694 3585 2776 3635 his

1714 3674 1771 3709 se
1814 3660 1989 3720 inseri,
2033 3669 2095 3709 ut
2127 3661 2274 3724 operi
2330 3660 2625 3720 immortali,
2660 3667 2779 3711 toto

1714 3736 1887 3785 studio
1924 3736 2102 3785 ambit.
2170 3736 2239 3785 Et
2274 3736 2530 3800 quomodo
2564 3735 2780 3786 dieat-r

1711 3825 1950 3873 superesse
1966 3811 2358 3872 adltnc'l'acitus,
2378 3811 2463 3874 qui
2486 3818 2593 3860 tum
2614 3813 2779 3861 mexi-

1716 3902 1797 3936 me
1844 3894 1999 3937 aetste
2048 3884 2290 3935 floreret?
2355 3887 2423 3934 Et
2460 3887 2547 3934 ille
2588 3893 2779 3936 auctor

1716 3964 1977 4026 scripsisse
2003 3963 2206 4011 videtur
2238 3973 2362 4012 aute
2400 3962 2779 4027 Domitianum,

1717 4043 1811 4089 sub
1834 4055 1933 4103 quo
1953 4044 2158 4102 superest
2179 4040 2346 4088 adhuc.
2414 4039 2482 4087 Et
2516 4053 2640 4088 num
2665 4045 2779 4088 tnn-

1716 4118 1834 4165 dem
1874 4123 2167 4179 erumperet
2198 4115 2407 4164 micus
2446 4115 2543 4166 sub
2564 4115 2783 4167 Nerva?

1716 4193 1860 4244 Num
1883 4191 2120 4243 Cluvium
2140 4189 2420 4256 intelligit?
