3000 4859
558 388 737 457 8⁵82

1260 410 1326 458 Ο.
1382 411 1746 461 CORNELII
1792 412 2049 461 'raci'rl

562 552 878 637 optimum
905 552 977 616 in
1003 554 1360 635 praesentia
1387 556 1639 633 statuit,
1671 575 1980 640 reponere
2017 555 2262 636 odium,
2294 557 2522 623 donec·
2551 549 2752 643 impe-

559 661 669 720 tus
695 655 889 720 famae
935 665 1004 721 et
1045 658 1232 722 favor
1281 659 1613 721 exercitus
1656 658 2135 739 languesceret.
2181 679 2333 723 nam
2364 662 2568 724 etiam
2595 651 2751 725 tum⁸

561 757 877 841 Agricola
910 759 1318 823 Britanniam
1348 760 1705 824 obtinebat.

646 861 755 926 40.
803 860 1010 941 Igitur
1066 866 1087 895 ‘
1118 855 1545 945 triumphalia
1595 867 2006 928 ornamenta¹¹
2062 870 2130 928 et
2174 864 2448 928 illustris
2505 868 2748 928 statuae

551 1039 711 1102 fessus
743 1045 824 1089 cut
845 1044 1072 1104 expletus,
1092 1043 1388 1091 dilinitnam
1410 1055 1525 1091 esse
1545 1041 1787 1101 judicavit
1820 1043 1881 1091 ad
1899 1057 2122 1118 praesens,
2141 1043 2264 1091 irum
2285 1048 2332 1092 et
2349 1042 2583 1092 invidiam
2603 1058 2752 1092 recon-

561 1107 691 1166 dere,
710 1107 851 1154 donec
871 1107 1010 1154 ardor
1019 1105 1173 1164 fumae
1188 1112 1236 1155 et
1255 1108 1463 1156 αιιάὶιιηι
1479 1107 1687 1155 militans
1701 1112 1985 1156 senesceret:
2017 1107 2188 1171 quippe
2220 1108 2363 1156 etiam
2383 1113 2487 1157 tum
2509 1108 2752 1172 temporis

564 1170 791 1233 Agricola
815 1170 1123 1220 Britanniam
1144 1170 1346 1220 tenebat.

627 1235 792 1297 Igitur
826 1235 878 1284 in
911 1241 1078 1284 senata
1107 1237 1294 1285 decerni
1332 1233 1592 1299 Agricola
1615 1233 1771 1298 jubet,
1801 1234 2022 1299 insignia
2061 1235 2406 1299 triumphalia,
2446 1242 2504 1286 et
2543 1235 2754 1287 illustris

1481 1376 1838 1397 ‘'mam“

562 1478 654 1529 lias
674 1477 912 1529 omissum
936 1478 1094 1530 vellet
1115 1480 1479 1545 Ernestusessss
1515 1477 1699 1529 Mallet
1723 1475 1991 1542 Ernestus,
2012 1477 2285 1527 etiamnum.

1555 1623 1776 1676 NOTAE

564 1752 949 1815 meditationis;
983 1755 1097 1805 scil.
1132 1755 1184 1805 in
1207 1769 1352 1822 quos,
1390 1760 1481 1804 aut
1520 1769 1623 1820 qua

566 1830 767 1880 ratione
821 1829 937 1880 talis
986 1832 1190 1882 saevitia
1246 1837 1622 1896 prorumperet.

566 1905 745 1956 Habes
768 1905 880 1956 fere
902 1906 1077 1957 similis
1098 1908 1307 1958 insaniae
1327 1910 1623 1972 exemplum

565 1981 704 2046 apud
729 1982 1032 2038 Pausaniam
1057 1984 1107 2033 in
1131 1984 1362 2040 Corinth.
1388 1985 1454 2035 de
1475 1985 1625 2034 Pbae-

566 2057 688 2107 dra:
723 2057 1009 2109 ‘Adhaeret
1050 2061 1286 2110 macerioe
1324 2069 1476 2124 septo
1512 2075 1625 2109 cur-

565 2131 717 2182 riculi
740 2135 849 2196 ejus
872 2149 1008 2198 pars,
1044 2137 1180 2199 quod
1202 2136 1482 2199 Hippolyti
1502 2150 1626 2184 nun·

567 2216 791 2272 cupant:
815 2223 1071 2274 supraque
1090 2211 1257 2274 ipsum
1273 2212 1490 2260 Veneris
1511 2226 1623 2273 spe-

566 2284 829 2335 culatricis
849 2285 1138 2350 delubrum,
1155 2286 1290 2336 unde
1312 2286 1626 2336 descenden-

567 2366 673 2409 tem
698 2361 1083 2410 exercitationis
1103 2377 1258 2412 causa
1280 2361 1627 2428 Hippolytum

566 2438 621 2488 in
643 2438 868 2488 stadium
904 2440 1203 2490 intuebatur
1225 2440 1463 2490 Phaedra.
1531 2442 1626 2490 Est

566 2513 670 2578 hic,
694 2521 751 2564 ut
770 2520 923 2564 antea
946 2515 1148 2579 scripsi,
1171 2517 1376 2579 Myrtus
1398 2516 1486 2565 illa
1512 2531 1625 2580 per·

567 2592 847 2642 terebratis
879 2590 1039 2653 foliis,
1061 2592 1198 2655 quod
1237 2606 1411 2640 amore
1447 2591 1626 2642 furens

567 2668 808 2728 Phaedra,
845 2681 960 2715 cum
999 2667 1192 2715 nullum
1233 2667 1464 2730 cupidini
1491 2668 1627 2717 leva-

567 2748 794 2791 mentum
827 2742 1103 2803 inveniret‚
1124 2741 1309 2791 crinali
1346 2756 1443 2791 acu
1477 2744 1625 2806 liujus

568 2817 725 2881 myrti
763 2815 890 2865 folia
911 2816 1237 2881 transfigens,
1259 2817 1507 2869 insaniam
1546 2833 1626 2868 su·

568 2907 653 2942 am
676 2892 1030 2943 exonerabat!

634 2969 827 3019 Secreto
848 2969 954 3032 sao]
1023 2969 1217 3019 Notum
1241 2975 1324 3018 est
1347 2982 1413 3018 ex
1444 2969 1628 3018 Sueto-

569 3046 674 3109 nio,
700 3047 870 3096 Dione
891 3047 1087 3109 Cassio,
1108 3046 1319 3096 Aurelio
1341 3047 1554 3095 Victore
1576 3052 1630 3095 et

570 3122 700 3183 aliis,
738 3123 1025 3173 Domitiani
1068 3129 1327 3172 secretum
1369 3123 1631 3185 horarium,

568 3197 622 3247 in
661 3213 763 3263 quo
802 3198 926 3245 nihil
976 3199 1193 3260 amplius
1233 3212 1384 3261 quam
1422 3213 1626 3248 muscas

570 3274 889 3337 configebat:
925 3273 1058 3321 unde
1084 3273 1288 3321 cuidam
1310 3274 1627 3335 interrogan-

572 3349 632 3410 ti,
662 3351 679 3377 ‘
696 3357 903 3397 essetne
921 3349 1036 3411 quis
1068 3348 1208 3395 intus
1232 3362 1349 3396 cum
1373 3349 1579 3398 Caesare
1593 3350 1628 3397 ?’

568 3438 673 3475 non
696 3423 917 3473 absurde
942 3436 1237 3486 responsum
1261 3438 1292 3471 a
1314 3423 1471 3472 Vibio
1496 3424 1629 3473 Cris-

568 3515 659 3566 po,
708 3500 723 3527 ‘
740 3515 806 3549 ne
846 3513 1021 3549 musca
1063 3498 1272 3563 quidem
1288 3498 1322 3547 :’
1368 3506 1427 3548 ut
1467 3499 1630 3549 refert

569 3579 865 3628 Suetonius.

635 3656 771 3705 Nam
795 3658 939 3705 Sext.
963 3656 1093 3705 Aur.
1117 3655 1300 3704 Victor
1324 3670 1628 3719 responsum

567 3734 669 3783 hoc
692 3736 768 3783 ita
789 3734 1016 3798 profert:
1055 3737 1072 3763 ‘
1097 3735 1178 3784 Ne
1203 3748 1376 3784 musca
1400 3734 1625 3797 quidem,

569 3809 669 3859 nisi
708 3808 843 3859 forte
878 3811 928 3859 in
961 3808 1248 3873 palaestraz'
1284 3809 1371 3857 ubi
1386 3809 1539 3872 jocus
1561 3824 1628 3857 ex

571 3886 811 3949 ambiguo
833 3901 863 3935 a
888 3885 1133 3949 palaestra
1153 3884 1294 3934 foeda
1318 3884 1628 3947 Domitiani,

569 3959 624 4009 ln
644 3961 941 4022 palaestram
962 3959 1296 4021 γυμναστικὴν,
1315 3966 1374 4008 ut
1393 3960 1628 4022 pluribus

572 4035 725 4086 docet
757 4038 1011 4100 Josephus
1032 4036 1261 4096 Scaliger
1290 4033 1626 4083 Animadver.

571 4111 950 4162 ianronicon.
980 4111 1300 4175 Hieronymi.
1340 4111 1628 4172 Vir-dangu.

638 4187 828 4238 Sem-eto
869 4190 978 4251 suo]
1034 4188 1189 4240 Quod
1230 4201 1346 4236 raro
1385 4187 1436 4235 in
1473 4186 1630 4235 decus

572 4260 978 4328 imperitantium
1023 4265 1200 4329 vertit,
1243 4277 1384 4328 saepe
1422 4263 1477 4314 in
1526 4262 1638 4313 exi-

1704 1753 1850 1804 tium.
1916 1753 2114 1817 Paneg.
2157 1751 2370 1802 Nazarii
2419 1750 2757 1801 Constantino

1704 1830 1830 1880 dict.
1852 1829 1867 1857 ‘
1893 1829 2202 1878 Existimare
2228 1828 2436 1893 quidem
2471 1828 2539 1877 de
2575 1827 2758 1893 princi-

1705 1904 1857 1969 pibus
1896 1904 2088 1953 nemini
2132 1902 2211 1953 fas
2253 1909 2350 1951 est.
2430 1903 2568 1953 Nam
2616 1909 2674 1952 et
2708 1904 2757 1950 in

1705 1980 1962 2030 vestibulo
2004 1993 2097 2028 suo
2151 1979 2498 2043 inquirentem
2555 1977 2760 2040 repellit

1704 2057 1916 2122 objecta
1950 2057 2253 2117 veneratio;
2287 2061 2342 2105 et
2375 2055 2529 2120 siqui
2550 2055 2757 2119 propius

1705 2134 1962 2194 adierunt,
2020 2132 2157 2197 quod
2204 2132 2364 2182 oculis
2404 2132 2460 2180 in
2502 2133 2664 2181 solem
2707 2145 2760 2181 se

1704 2207 2135 2258 contendentibus
2206 2208 2398 2265 evenit,
2465 2206 2762 2270 praestricta

1704 2284 1834 2347 acie,
1888 2283 2098 2333 videndi
2152 2284 2406 2334 facultate
2469 2292 2762 2333 caruerunt.
2847 2311 2850 2316 ·

1704 2361 1898 2411 Verum
1930 2367 1988 2411 tu
2023 2359 2168 2426 facis,
2200 2361 2490 2425 priucipum
2522 2362 2762 2420 maxime,

1705 2443 1766 2488 ut
1805 2445 1985 2502 patere
2026 2438 2320 2500 videantur,
2348 2451 2463 2503 quas
2498 2437 2644 2500 prins
2683 2438 2764 2487 ob-

1706 2519 1905 2564 structa
1925 2513 2163 2573 fuerant3
2200 2512 2287 2577 qui
2312 2518 2414 2561 tam
2448 2519 2603 2576 optas
2628 2519 2760 2562 totus

1706 2592 1890 2655 videri,
1913 2607 2067 2657 quam
2098 2592 2260 2641 ceteri
2281 2589 2631 2640 recusabant:
2666 2604 2760 2639 non

1706 2674 1879 2717 terror
1915 2669 2151 2718 obtentui
2188 2673 2286 2730 est,
2306 2680 2403 2715 nec
2431 2665 2762 2728 occultandis,

1706 2758 1822 2808 quae
1866 2744 2170 2809 plerumque
2225 2742 2548 2792 extrinsecus
2585 2742 2763 2803 latent,

1708 2819 2117 2884 demorandoque
2193 2824 2408 2882 aspectu
2485 2818 2761 2868 ostentatio

1708 2897 1943 2958 speciosa
1965 2894 2282 2959 perhibetur.
2350 2893 2584 2943 Obtntns
2613 2893 2763 2942 bomi-

1708 2985 1827 3020 num
1859 2972 2106 3034 benignos
2147 2975 2407 3033 receptas,
2440 2983 2540 3018 nec
2573 2969 2764 3019 intueti-

1709 3053 1815 3098 tem
1839 3047 2041 3111 iniquus
2059 3045 2229 3110 fulgor
2252 3046 2483 3095 retundit
2500 3064 2516 3107 ;
2552 3046 2620 3095 ad
2638 3060 2763 3096 sere-

1709 3136 1830 3172 num
1852 3123 2021 3171 lumen
2048 3122 2273 3171 invitat?
2335 3123 2533 3185 paneg.
2567 3123 2762 3174 Theou,

1705 3197 1887 3266 ‘Quos
1933 3198 2113 3261 loquar
2170 3197 2544 3261 [dominantes]
2589 3207 2764 3248 notum

1708 3280 1808 3337 est,
1839 3275 2285 3342 qui0majestatem
2319 3274 2516 3338 regiam
2540 3273 2764 3323 imminui

1708 3362 1763 3405 et
1808 3355 2003 3418 vulgari
2048 3354 2320 3418 putabant,
2358 3353 2457 3402 nisi
2502 3367 2591 3402 eos
2635 3354 2768 3403 intra

1707 3433 1984 3495 repositum
2029 3431 2285 3481 Palatinae
2341 3431 2468 3480 aedis
2531 3432 2769 3493 inclusos,

1709 3514 1951 3571 tanquam
2008 3508 2211 3571 aliquod
2258 3507 2468 3556 vestale
2512 3516 2768 3558 secretum

1708 3584 1972 3633 veneratio
2023 3584 2230 3633 occulta
2269 3582 2632 3645 consuluisset,
2673 3582 2768 3632 nisi

1707 3659 1845 3708 intra
1882 3659 2216 3708 domesticam
2270 3658 2500 3707 umbram
2532 3658 2767 3721 jacentes
2827 3717 2834 3728 Ι

1708 3733 1931 3783 solitudo
1954 3733 2174 3796 provisa,
2195 3740 2250 3782 et
2284 3733 2493 3782 silentia
2523 3734 2631 3782 late
2654 3743 2768 3781 con-

1708 3809 1881 3858 ciliata
1900 3809 2194 3859 vallassent.
2265 3808 2403 3858 Quin
2424 3808 2463 3855 si
2485 3807 2697 3871 quando
2718 3808 2766 3854 in

1707 3886 1872 3935 lucem
1917 3885 2094 3934 venire
2131 3890 2186 3933 et
2227 3883 2363 3932 diem
2403 3882 2541 3931 ferre
2581 3883 2770 3946 potuis-

1708 3968 1843 4020 sent,
1878 3960 2094 4019 lecticis,
2118 3959 2411 4022 them-isque
2433 3957 2694 4018 subvecti,
2715 3960 2770 4006 et

1710 4036 2008 4085 densissima
2029 4037 2220 4084 circum
2244 4049 2501 4098 supraque
2535 4033 2768 4099 cooperti

1710 4111 1934 4160 virorum
1973 4124 2326 4173 armorumque
2358 4110 2642 4171 testudine,
2666 4123 2771 4159 sen-

1709 4185 1803 4235 sim
1828 4193 1983 4250 atque
2007 4187 2069 4234 ad
2093 4199 2362 4235 numerum
2395 4177 2766 4235 movebantur:

1709 4267 1820 4313 tum
1860 4263 2012 4329 longe
2052 4262 2272 4328 populus
2314 4261 2643 4328 abigebatur,
2674 4274 2769 4312 nee
