3000 4859
979 385 1379 457 manneus,
1427 385 1597 435 oar.
1638 369 1746 437 12.

265 527 492 595 locum
521 528 636 596 teli
665 535 985 613 repertus.

2288 364 2464 451 3672

1074 526 1372 595 Ceterum
1402 527 1570 592 felix
1595 526 1785 605 illud,
1815 529 1904 605 et,
1925 529 2003 591 ut
2025 543 2211 591 more
2237 530 2467 592 nostro

1261 691 1480 743 NOTAE

266 805 474 871 peribus
506 806 740 872 opulenti
773 815 1064 870 evaserunt,
1095 808 1181 859 alii
1205 824 1327 859 vero

268 894 335 930 ex
374 880 605 931 obscuris
644 890 698 933 et
741 882 1045 945 ignobilibus
1085 885 1327 936 illustres.

269 956 491 1008 Quidam
544 973 670 1007 vero
738 962 970 1023 privatas
1018 976 1135 1011 suas
1189 961 1328 1013 aedes

268 1032 490 1097 publicis
528 1035 765 1098 hospitiis
802 1036 1179 1100 splendidiores
1202 1037 1323 1087 aedt-

266 1108 525 1169 ficar-unu
573 1116 629 1159 et
670 1118 860 1176 quanto
902 1114 1062 1177 magis
1104 1113 1325 1177 publica*

267 1197 395 1248 opes
412 1184 694 1235 imminutas
715 1193 853 1250 sunt,
874 1193 1022 1237 tanto
1056 1188 1218 1250 magis
1251 1188 1327 1238 di-

267 1259 411 1311 vitiae
453 1260 656 1311 illorum
695 1260 997 1312 increvere!
1068 1262 1171 1313 Sed
1213 1264 1328 1313 haec

268 1336 314 1385 si
356 1335 408 1384 in
459 1343 700 1400 potentes
756 1335 1014 1401 dicantur,
1056 1339 1327 1388 calumniae

267 1418 408 1474 sunt,
424 1412 499 1460 bis
521 1413 729 1477 quidem
759 1413 1018 1473 moribus3
1055 1422 1327 1478 quantum-

267 1487 347 1536 vis
372 1500 490 1536 vera
509 1488 632 1550 sint,
666 1492 682 1516 ⁸
706 1494 762 1537 et
793 1489 895 1551 ipsi
934 1488 1141 1554 quidem
1175 1491 1327 1539 latro-

266 1574 381 1624 nes,
401 1576 542 1612 nune
561 1576 616 1611 se
639 1565 991 1627 negotiatores
1011 1565 1275 1629 appellant
1291 1565 1326 1628 ;’

266 1644 330 1687 nt
349 1636 415 1687 de
438 1652 529 1687 suo
546 1653 657 1689 sevo
679 1640 865 1690 scribit
892 1639 1238 1705 Philosophus
1272 1641 1327 1691 in

266 1713 427 1763 tertio
452 1713 667 1766 Rhetor.
718 1715 874 1765 Sobel.

332 1787 575 1851 Iam]
607 1789 745 1841 Plin.
783 1791 953 1854 Epist.
989 1805 1042 1842 v.
1083 1796 1162 1841 14.
1196 1792 1213 1821 ‘
1236 1793 1328 1842 Ni-

266 1863 444 1929 grinus
488 1864 721 1915 tribunus
765 1867 930 1931 plebis
969 1869 1209 1918 recitavit
1250 1869 1326 1933 [in

267 1940 473 2003 senatu]
493 1940 720 1992 libellum
743 1944 993 1994 disertum
1015 1952 1072 1994 et
1096 1959 1327 2009 gravem,

269 2030 369 2080 quo
393 2022 603 2081 questus
625 2026 706 2067 est
740 2020 914 2069 venire
947 2019 1328 2082 advocationes,

266 2089 446 2141 venire
484 2098 541 2141 et
596 2094 1071 2160 praevaricationes,
1114 2097 1166 2146 in
1207 2097 1327 2147 lites

268 2169 416 2232 coiri,
442 2176 498 2219 et
530 2170 707 2233 gloriae.
744 2171 859 2221 loco
900 2175 1039 2236 poni,
1059 2188 1126 2223 ex
1150 2174 1330 2237 spoliis

268 2244 458 2295 civium
501 2261 714 2311 magnos
755 2255 812 2297 et
851 2256 1076 2298 statutos
1111 2251 1327 2301 reditus.

266 2322 536 2372 Recitavit
587 2323 761 2386 capita
814 2324 1008 2388 legum,
1061 2324 1332 2378 admonuit

268 2399 849 2461 senatusconsultorum,
868 2401 922 2448 in
957 2399 1059 2448 fine
1086 2401 1218 2451 dixit
1239 2416 1331 2466 pe-

269 2472 482 2522 tendum
501 2473 567 2521 ab
583 2474 776 2536 optimo
795 2475 1049 2538 principe,
1063 2475 1331 2541 [Trajano]

268 2556 329 2600 ut
372 2550 492 2615 quia
531 2550 693 2615 leges,
727 2551 845 2616 quia
880 2556 1331 2604 senatusconsulta

271 2634 743 2691 contemnerentur,
807 2629 920 2692 ipse
978 2631 1136 2680 tantis
1190 2631 1328 2681 vitiis

269 2703 587 2754 mederetur.
679 2706 838 2755 Pauci
894 2706 1023 2768 dies,
1078 2714 1134 2757 et
1198 2708 1331 2758 liber

270 2779 522 2843 principis
557 2796 789 2842 severus,
811 2789 868 2831 et
901 2788 1072 2831 tamen
1103 2784 1332 2834 modera-

271 2862 355 2906 tus
374 2889 417 2906 ..
435 2891 450 2906 .
469 2856 633 2908 Quam
666 2872 747 2905 me
773 2859 948 2920 juvat,
973 2859 1112 2922 quod
1136 2860 1189 2909 in
1212 2874 1329 2909 cau·

270 2931 339 2980 sis
362 2932 589 2995 agendis,
606 2948 704 2982 non
728 2936 879 2983 modo
898 2934 1159 2998 pactione,
1178 2935 1330 2998 dono,

268 3021 504 3070 munere,
540 3024 716 3058 verum
740 3010 899 3059 etiam
923 3010 1107 3060 xeniis
1126 3026 1332 3075 semper

273 3084 525 3134 abstinui:
583 3087 673 3150 [de
714 3101 769 3136 se
810 3088 1038 3151 loquitur
1087 3087 1334 3153 Plinius.]

272 3161 487 3212 Interim
541 3163 686 3213 fruor
741 3165 1031 3229 voluptate,
1086 3180 1205 3215 cum
1244 3166 1332 3215 alii

275 3239 503 3290 divinum
548 3256 649 3304 me,
686 3242 769 3290 alii
803 3243 930 3292 meis
967 3243 1177 3309 rapinis,
1200 3258 1331 3293 mese

274 3317 507 3366 avaritiae
557 3332 845 3380 occursum,
895 3332 990 3381 per
1044 3319 1220 3368 ludum
1270 3333 1333 3369 ac

261 3392 442 3456 jocum
487 3392 768 3443 dictitant.'
842 3394 912 3442 Et
954 3394 991 3443 l.
1033 3408 1084 3444 v.
1127 3398 1209 3445 21.
1264 3394 1333 3445 de

273 3471 483 3533 Nepote
550 3480 779 3535 praetore
833 3469 997 3532 desig.
1072 3471 1087 3496 ‘
1110 3470 1333 3520 Suberat

274 3547 450 3598 edicto
493 3547 988 3597 senatusconsultum
1033 3545 1162 3595 hoc:
1228 3561 1332 3595 om-

272 3637 381 3686 nes,
403 3623 631 3688 quiquid
652 3622 847 3685 negotii
869 3621 1137 3683 haberent,
1151 3620 1333 3683 jurare

225 3746 228 3749 ,
274 3701 416 3764 prius
432 3716 583 3766 quarn
607 3714 757 3762 agere
771 3699 1110 3762 jubebantur,
1131 3699 1256 3747 nituit
1277 3713 1334 3747 se

275 3777 341 3827 ob
379 3776 770 3827 advocationem
826 3776 1062 3840 cuiquam
1113 3775 1337 3837 dedisse,

275 3854 591 3918 promisisse,
611 3853 832 3903 cavisse.
889 3853 988 3901 His
1006 3853 1141 3901 enim
1161 3852 1335 3901 verbis

275 3945 337 3981 ac
358 3931 498 3980 mille
537 3937 791 3994 praeterea
832 3936 888 3977 et
928 3928 1105 3978 venire
1125 3927 1340 3978 advoca-

274 4007 464 4067 tiones,
487 4016 540 4055 et
579 4006 681 4055 emi
708 4005 1032 4055 vetabantur.
1098 4002 1338 4054 Peractis

275 4087 449 4131 nmen
467 4080 704 4144 negotiis,
717 4080 1054 4143 permittebat
1065 4077 1336 4142 pecuniam

274 4156 534 4207 duntaxat
575 4156 758 4205 decem
813 4155 1028 4204 millium
1069 4152 1229 4206 dare:
1277 4157 1340 4204 to

273 4233 434 4284 millia
455 4240 573 4295 sunt
593 4235 711 4282 50⁰.
736 4230 987 4284 coronati.

1472 807 1688 857 Lucrosoe
1726 803 2268 870 leuius-..eloquentid
2325 804 2465 857 Ptin.

1407 886 1577 949 Epist.
1618 899 1701 935 m.
1732 890 1815 934 20.
1862 883 1928 934 de
1966 884 2196 945 Regulo:
2231 883 2247 910 ‘
2270 884 2341 934 Et
2382 885 2468 936 hic

1404 960 1756 1025 hoereditates,
1784 960 1866 1009 bic
1898 961 2089 1024 legata,
2112 959 2253 1023 quasi
2275 973 2470 1010 merea·

1406 1043 1511 1099 tur,
1544 1037 1771 1101 accipit;
1812 1034 1968 1101 (ἀλλὰ
2003 1032 2057 1084 τὶ
2092 1033 2397 1103 dimetrum)
2416 1036 2473 1087 iu

1406 1128 1472 1162 ea
1494 1114 1727 1176 civitate,
1765 1113 1818 1163 in
1850 1129 1953 1178 qua
1978 1113 2087 1176 jam
2128 1113 2328 1177 pridem
2367 1126 2474 1163 non

1405 1189 1603 1238 minora
1625 1187 1856 1252 praemia,
1877 1188 2030 1237 immo
2052 1189 2264 1252 majora,
2290 1189 2469 1253 nequi·

1409 1263 1486 1313 tia
1509 1270 1563 1313 et
1581 1263 1900 1328 improbitas,
1919 1278 2071 1329 quam
2095 1263 2263 1327 pudor
2285 1271 2342 1314 et
2367 1263 2472 1315 vir·

1409 1345 1492 1388 tus
1534 1341 1746 1389 babent.
1820 1339 2015 1404 Aspice
2058 1340 2336 1405 Regulum,
2379 1340 2472 1405 qui

1406 1429 1471 1465 ex
1495 1430 1727 1481 paupere
1748 1422 1805 1466 et
1845 1416 2002 1480 tenui,
2034 1416 2100 1465 ad
2141 1421 2313 1465 tantas
2341 1430 2469 1480 opes

1407 1507 1502 1555 per
1541 1491 1741 1556 flagitia
1784 1493 2056 1557 processit,
2097 1497 2154 1541 ut
2196 1492 2310 1556 ipse
2343 1490 2471 1542 mihi

1406 1568 1619 1631 dixerit,
1663 1583 1779 1618 cum
1819 1569 2128 1632 consuleret,
2169 1581 2324 1632 quam
2365 1567 2473 1618 cito

1407 1644 1704 1694 sestertium
1794 1643 2086 1694 sexcenties
2160 1643 2470 1707 impleturus

1407 1720 1575 1784 esset,’
1599 1723 1698 1771 dcc.

1473 1796 1544 1845 Et
1563 1793 1897 1858 sanguinantis
1913 1792 2207 1857 eloquentie]
2223 1793 2471 1842 Fortasse

1406 1872 1510 1936 leg.
1554 1876 1602 1921 et
1636 1870 1922 1934 sag-inentis,
1964 1877 2023 1920 ut
2060 1869 2127 1920 ad
2169 1869 2366 1920 lucrum
2412 1872 2473 1918 et

1407 1948 1732 1998 commodum
1795 1946 1909 1996 haec
1981 1950 2186 1995 tantum
2251 1941 2470 1994 referat.

1405 2024 1543 2073 Nam
1574 2022 1860 2085 sanguinem
1880 2021 2102 2085 probum
2123 2019 2334 2085 quidem
2355 2033 2477 2069 ver-

1406 2099 1549 2163 bum,
1572 2100 1664 2149 sed
1687 2112 1786 2148 non
1811 2096 1876 2146 ad
1900 2096 2041 2147 aliud
2066 2110 2221 2162 quam
2251 2095 2317 2146 ad
2356 2109 2472 2146 san·

1406 2175 1612 2240 guinem
1652 2180 1838 2239 sponte
1882 2178 1939 2223 et
1988 2187 2056 2222 ex
2100 2185 2157 2222 se
2210 2172 2472 2224 emittere.

1406 2252 1422 2281 ‘
1447 2250 1611 2302 Attus
1634 2247 2031 2314 sanguinantes}
2067 2247 2085 2275 ‘
2109 2246 2326 2297 vulnera
2359 2261 2477 2298 san·

1407 2325 1709 2391 guinantia,'
1734 2326 1785 2375 in
1809 2322 2117 2377 Quintiliani
2141 2323 2474 2374 declamatio·

1407 2403 1559 2453 nibus
1595 2403 1719 2452 mibi
1753 2403 1910 2452 lecta·
1985 2402 2119 2453 Quae
2158 2397 2474 2463 significatio

1409 2492 1591 2542 parum
1628 2476 1712 2525 bic
1754 2481 1898 2540 apta,
1933 2474 1975 2522 si
2016 2475 2083 2524 ad
2117 2473 2474 2525 accusationes

1409 2560 1466 2602 et
1518 2551 1878 2617 sanguisugam
1931 2550 2070 2598 illam
2123 2549 2476 2614 eloquentiam

1409 2628 1661 2693 respexit.
1704 2626 1912 2691 Lipsius.
1976 2623 2053 2674 At
2072 2630 2219 2675 certe
2240 2624 2475 2689 telam·

1403 2703 1682 2767 guimatia,
1704 2702 1944 2752 latinum
1967 2706 2067 2760 est,
2090 2706 2149 2749 ut
2184 2713 2295 2749 usus
2324 2697 2477 2762 liujus

1409 2779 1727 2844 eloquentiae
1768 2779 1915 2826 telum
1962 2774 2173 2838 dicitur,
2213 2778 2373 2838 utque,
2413 2777 2479 2823 ut

1411 2855 1618 2904 dicebat
1648 2852 1809 2916 Aper,
1843 2851 1899 2900 ia
1939 2851 2086 2900 locum
2122 2849 2207 2898 tete·
2243 2853 2477 2912 repente·

1412 2929 1723 2994 Eloquentia
1757 2927 1903 2976 telum
1924 2934 2021 2987 est,
2041 2938 2143 2988 quo
2177 2923 2477 2973 absterrere

1412 3006 1642 3064 hostem3
1665 3011 1721 3053 et
1741 3016 1842 3067 quo
1859 3002 2122 3061 emittere,
2144 3007 2301 3063 atque
2314 2995 2480 3048 effun-

1414 3083 1539 3131 dere
1563 3078 1862 3144 sanguinem
1896 3091 1991 3143 pro
2012 3082 2142 3124 nutu
2174 3080 2264 3123 aut
2297 3088 2479 3123 neees-

1412 3161 1568 3209 sitate
1594 3157 1775 3223 possis.
1843 3156 1962 3206 Nou
1985 3155 2149 3203 solum
2170 3154 2351 3202 ἰκετωιι
2373 3159 2477 3216 est,

1412 3236 1505 3285 sed
1548 3234 1709 3283 etiam
1753 3237 1972 3283 cruenta
2028 3236 2084 3279 et
2145 3227 2481 3292 sanguinaria

1411 3313 1525 3363 haec
1547 3310 1874 3376 eloquentia:
1910 3308 1963 3357 iu
1986 3304 2302 3355 delatoribus
2330 3309 2479 3355 certe

1413 3399 1691 3456 utrumque
1728 3387 1911 3439 babuit
1933 3402 2085 3448 uum,
2109 3391 2168 3435 ut
2190 3398 2316 3449 opes
2341 3385 2481 3435 scili-

1414 3475 1504 3518 cet
1541 3475 1598 3516 et
1632 3464 1931 3529 sanguinem
1968 3477 2173 3512 reorum
2208 3475 2351 3525 saepe
2397 3462 2481 3513 vel

1412 3543 1640 3607 ipsorum
1658 3539 2009 3590 innocentium
2026 3536 2338 3586 effunderet.
2361 3536 2482 3588 Nec

1415 3618 1525 3669 fere
1560 3625 1734 3683 potest
1778 3629 1890 3664 esse
1929 3614 2046 3678 ipsa
2083 3610 2382 3676 eloquentia
2410 3611 2485 3661 lu-

1413 3710 1565 3757 σνωα,
1585 3708 1646 3743 ac
1674 3693 1913 3754 saginans,
1944 3689 2066 3754 quin
2101 3688 2253 3738 simul
2285 3693 2341 3738 et
2371 3702 2484 3738 san·

1410 3771 1641 3835 ganam,
1687 3783 1779 3817 seu
1821 3765 2149 3830 sanguinaria
2186 3765 2286 3814 sit:
2340 3762 2483 3828 qnod

1417 3853 1568 3912 patet
1612 3858 1678 3893 ex
1716 3844 1842 3893 Tac.
1887 3844 2092 3906 passim,
2124 3848 2177 3888 et
2212 3838 2481 3903 praecipue

1419 3923 1561 3972 Hist.
1601 3935 1679 3970 tv.
1720 3924 1803 3969 42.
1845 3916 1932 3968 ubi
1970 3918 2035 3966 de
2071 3914 2275 3977 Regulo
2312 3912 2483 3963 Nero-

1419 3999 1571 4048 niano
1616 3997 1873 4054 delatore,
1911 3993 1997 4057 qni
2040 3992 2054 4015 ‘
2081 3990 2380 4039 Crassorum
2424 3993 2484 4039 et

1421 4073 1581 4126 Orfiti
1618 4074 1799 4123 domus
1834 4071 1886 4118 in
1922 4081 2170 4117 summum
2194 4065 2368 4116 odium
2390 4078 2481 4114 ex-

1420 4152 1632 4214 tulerat,
1650 4157 1706 4200 et
1727 4152 1911 4211 sponte
1944 4158 2012 4192 ex
2055 4143 2156 4193 SC.
2188 4141 2294 4206 [vel
2316 4155 2383 4190 ex
2397 4139 2489 4204 se]

1421 4225 1804 4280 accusationem
1847 4219 2077 4273 subierat
2094 4218 2131 4286 ς’
2166 4216 2304 4272 unde
2339 4212 2483 4271 haud
