3000 4859
2349 353 2525 424 374⁷

335 508 628 596 quidam,
674 508 1172 576 Athenienses¹⁵
1219 513 1509 595 plurimi,
1566 517 1854 577 oratores
1900 512 2279 591 extiterunt,
2337 515 2521 599 apud

334 632 505 698 quos
533 612 756 678 omnia
786 615 1094 696 populuS,
1122 614 1346 677 omnia
1373 615 1683 696 imperiti,
1713 614 1961 690 omnia,
1985 619 2058 677 ut
2084 615 2184 678 sic
2214 615 2523 694 dixerim,

335 733 560 779 omnes
591 723 908 796 poterant.
1009 715 1252 779 Nostra
1294 735 1555 798 quoque
1597 716 1861 792 civitaS‚
1908 715 2117 778 donec
2168 716 2528 795 erravit,¹⁶¹

334 815 544 880 donec
572 838 644 879 se
692 818 992 899 partibus
1029 826 1095 881 et
1141 818 1675 882 dissensionibus
1715 823 1781 881 et
1822 817 2170 881 discordiis
2219 818 2527 897 confecit,

334 917 545 982 donec
597 918 774 981 nulla
822 917 946 981 fuit
991 920 1059 981 in
1108 918 1250 983 soro
1299 939 1459 1001 pax,
1521 920 1699 983 nulla
1748 920 1817 982 in
1864 921 2107 984 Senatu
2141 919 2523 997 concordia,

331 1020 509 1085 nulla
537 1021 600 1081 in
646 1019 922 1101 judiciis
966 1019 1406 1097 moderatio,¹⁷
1459 1022 1639 1084 nulla
1685 1023 2091 1103 superiorum
2132 1019 2525 1100 reverentia,

331 1121 550 1186 nullus
583 1121 1086 1203 Magistratuum
1131 1121 1384 1199 modus,
1443 1123 1590 1186 tulit
1636 1124 1778 1185 sine
1828 1122 2034 1186 dubio
2081 1122 2521 1185 valentiorem

330 1222 807 1305 eloquentiam3
853 1223 1046 1285 sicuti
1087 1223 1452 1306 'indomitus
1495 1245 1650 1308 ager
1684 1226 1887 1289 habet
1910 1224 2236 1307 quasdam
2280 1223 2524 1286 herbas

331 1322 645 1386 laetioreS.
707 1323 865 1410 ‚Sed
915 1342 1036 1388 nec
1092 1324 1337 1388 tanti¹⁸¹
1399 1325 1824 1409 Reipublicae
1877 1324 2327 1389 Gracchorum
2385 1324 2527 1390 elo-

333 1425 606 1506 quentia
634 1424 778 1502 fuit,
810 1432 884 1489 ut
910 1431 1245 1508 pateretur
1291 1432 1358 1491 et
1384 1429 1600 1510 leges:
1646 1447 1768 1492 nec
1796 1428 1990 1492 bonae
2023 1426 2353 1490 sormam¹9
2384 1424 2523 1488 elo-

332 1525 642 1607 quentiae²
671 1523 906 1589 Cicero
933 1527 1109 1590 tali²0
1137 1528 1323 1592 exitu
1349 1531 1675 1612 pensavit.

1049 366 1470 430 numerus,-
1498 365 1675 416 «ηιμ
1701 352 1811 417 40.

1252 1674 1605 1695 ΟΝΝΟΙΜΝ

332 1751 727 1802 deditium—15
767 1753 991 1804 Brotier.
1029 1753 1184 1803 habet
1213 1755 1404 1818 plurim.
1441 1756 1615 1804 Athen.
1652 1754 1809 1830 idque
1835 1762 1982 1817 putat
2004 1756 2183 1804 melius
2246 1770 2361 1805 uam
2384 1755 2527 1807 vul.

327 1819 459 1865 —16
498 1818 723 1866 Rhenan.
748 1817 1061 1882 conjiciebat
1081 1823 1298 1868 certavit.
1301 1824 1429 1868 -17
1468 1820 1599 1866 Haec
1621 1819 1819 1867 nullan·
1841 1820 2021 1867 Senatu
2051 1835 2160 1869 cone
2242 1821 2310 1880 ia,
2322 1822 2450 1868 nulla
2493 1835 2527 1868 n

316 1878 516 1939 judiciis
553 1884 828 1942 moderatio,
860 1883 1062 1942 Lipsius
1101 1896 1130 1928 e
1160 1885 1252 1929 Ma.
1286 1880 1502 1930 addidit.
1506 1886 1636 1930 —18
1674 1883 1733 1929 In
1762 1884 1887 1932 Mss.
1910 1884 2080 1931 Vatic.
2117 1898 2202 1931 nec
2234 1888 2358 1932 ma.
2426 1884 2531 1931 Ve-

332 1952 470 1992 teres
508 1946 778 2004 editiones,
816 1960 899 1993 uec
936 1950 1044 1994 tuta
1077 1958 1199 2006 resp.
1202 1949 1335 1993 —19
1368 1944 1452 1993 Ita
1491 1945 1604 1993 libri
1646 1960 1818 1994 omnes
1856 1945 2003 1995 editi.
2072 1949 2308 1994 Muretus
2333 1946 2528 2008 mallet,

317 2006 524 2066 samam.
591 1980 811 2057 For-main
849 2011 1011 2067 probo
1037 2015 1249 2070 proter
1284 2009 1384 2056 vim
1422 2015 1475 2055 et
1512 2009 1840 2070 elegantiam.
1910 2009 2091 2059 Potius
2129 2010 2530 2072 emendaverim,

330 2071 443 2120 bens
465 2085 560 2136 pro
581 2071 728 2122 bona.
794 2072 956 2121 Favet
979 2072 1083 2122 Ms.
1154 2072 1273 2121 alic.
1319 2076 1460 2121 1862.
1500 2073 1552 2120 in

1620 2087 1685 2121 uo
1707 2073 1913 2137 quidem
1935 2075 2207 2137 scripturn,
2245 2075 2395 2133 bouoe,
2433 2075 2529 2122 sed

332 2149 487 2199 supra
508 2136 778 2200 scriptum,
795 2136 923 2186 bens.
956 2136 1180 2186 Brotier.
1181 2139 1311 2185 —20
1344 2136 1556 2185 Frustra

1648 2144 1824 2188 nestas
1842 2145 2033 2200 tentat,
2045 2138 2157 2201 pari
2172 2138 2324 2188 exitm
2358 2138 2527 2188 Idem.

1330 2275 1380 2323 N
1385 2273 1541 2324 0⁹1*AE

332 2387 476 2437 toris.
529 2385 786 2436 AEscbines
803 2386 958 2448 enim,
973 2387 1062 2452 qni
1078 2388 1213 2438 bunc
1233 2387 1389 2452 exilio
1455 2387 1663 2447 famam.
1731 2388 1845 2453 Ego
1867 2389 1991 2438 nihil
2014 2394 2175 2438 muto.
2234 2389 2421 2439 Bonam
2441 2391 2534 2439 elo-

331 2462 599 2526 delegerat
643 2464 832 2524 locum,
889 2463 1067 2513 intulit
1112 2478 1175 2513 eo
1219 2463 1391 2513 studia
1467 2464 1704 2527 queuntium
1745 2465 1874 2532 dicit
1926 2467 2182 2514 salubrem
2230 2473 2284 2514 et
2328 2465 2534 2528 publice

331 2537 674 2600 Athenarum,
697 2554 829 2603 qnae,
852 2540 996 2590 velut
1020 2547 1134 2589 sata
1153 2541 1390 2605 quaedam
1470 2541 1670 2589 utilem.
1736 2542 1955 2592 Qualem
1979 2540 2138 2589 fuisse
2161 2540 2415 2601 Ciceroni,
2443 2556 2535 2591 no-

333 2615 465 2664 coelo
500 2624 741 2678 terraque
778 2616 1119 2680 degenerant,
1154 2631 1389 2679 saporem

331 2689 475 2739 illum
499 2688 735 2738 Atticum
762 2691 1033 2752 peregrino
1059 2693 1390 2741 miscuerunt.

330 2765 486 2816 Lenti
527 2780 652 2830 ergo
688 2766 897 2830 quidem
937 2783 998 2817 ac
1039 2769 1253 2828 remissi,
1289 2783 1389 2816 non

332 2840 441 2889 slne
465 2840 692 2905 pondere
728 2847 931 2902 tamem
967 2857 1131 2906 neque
1164 2841 1392 2893 fontibus

331 2917 494 2980 puris,
518 2931 687 2979 neque
709 2918 1022 2966 torrentibus
1043 2918 1282 2981 turbidis,
1300 2918 1393 2966 sed

330 2992 533 3042 lenibus
590 2993 787 3056 stagnis
858 2993 1048 3042 similes
1117 2995 1390 3043 habentur.

332 3070 503 3120 Neruo
541 3070 702 3133 igitur
740 3069 1056 3122 dubitaverit
1091 3072 1238 3133 longe
1279 3086 1391 3120 esse

331 3147 581 3210 optimum
618 3160 775 3200 uenus
808 3146 1123 3198 Atticorum.
1193 3149 1252 3196 In
1290 3161 1392 3213 quo

334 3230 392 3271 nt
407 3229 486 3270 est
505 3222 697 3285 aliquid
720 3223 854 3272 inter
873 3224 1011 3286 ipsos
1033 3239 1320 3286 commune,
1341 3224 1390 3272 id

333 3304 436 3358 est,
466 3298 725 3361 judicium
764 3313 904 3360 aere,
950 3308 1271 3366 tersumque;
1317 3301 1395 3351 ita

331 3373 653 3439 ingeniorum
679 3376 911 3438 plurimae
936 3376 1148 3428 forme:

397 3453 424 3481 ¹
457 3449 680 3512 Erravit]
721 3450 836 3499 Hoc
878 3457 959 3500 est
1002 3449 1291 3514 fluctuavit,
1339 3452 1394 3501 ni

333 3522 503 3583 malis,
523 3527 736 3573 certavit.
781 3527 1070 3578 Rhenanus.

397 3605 420 3641 1
452 3597 546 3646 Sed
569 3613 651 3645 nee
670 3599 818 3662 tanti]
869 3603 968 3650 Nec
987 3602 1114 3651 tanti
1144 3603 1390 3652 momenti

333 3672 557 3736 Reipub.
579 3671 680 3721 fuit
710 3675 1003 3739 eloquentia
1025 3677 1396 3738 Gracchorum,

334 3757 394 3798 ut
416 3748 536 3797 ideo
559 3750 675 3809 ipsa
697 3751 872 3810 vellet,
889 3754 1128 3812 deberet,
1159 3761 1248 3802 aut
1284 3767 1398 3816 pos-

334 3830 419 3875 tet
440 3824 595 3872 etiam
620 3824 726 3885 pati
751 3827 970 3886 ipsorum
993 3828 1165 3891 leges:
1203 3828 1276 3876 sic
1303 3828 1396 3877 Fa-

333 3898 450 3951 bius
495 3901 526 3949 l.
569 3912 664 3948 vn.
715 3904 730 3927 ‘
756 3914 819 3948 an
865 3902 1019 3950 etiam
1058 3902 1222 3964 [reus]
1265 3904 1397 3952 tanti

332 3981 604 4041 putaverit
623 3989 819 4037 poenam
835 3978 1040 4026 subire.'
1065 3980 1098 4026 i.
1114 3993 1162 4027 e.
1177 3994 1240 4027 an
1264 3979 1396 4027 tanti

334 4052 584 4102 momenti
607 4065 713 4098 rem
737 4065 849 4101 esse
888 4055 1169 4117 putaverit,
1201 4065 1258 4103 ut
1281 4054 1397 4104 ideo

325 4138 539 4192 penam
572 4127 747 4176 subire
771 4129 948 4178 vellet.

397 4209 422 4236 ⁸
440 4200 806 4263 Romaim
819 4203 1114 4269 eloqueaeiae]
1137 4204 1397 4269 Muretus,

1472 2621 1579 2663 tum
1624 2621 1723 2676 est,
1777 2620 1835 2664 et
1886 2615 2193 2678 astipulatur
2237 2615 2532 2668 Cremutius

1472 2689 1671 2739 Cordus
1693 2690 1829 2754 apud
1855 2691 1928 2740 M.
1950 2691 2218 2751 Senecam,
2255 2690 2342 2754 qui
2367 2699 2537 2740 rostra

1471 2777 1586 2813 enm
1612 2766 1683 2813 ait
1707 2766 1926 2814 coluisse
1948 2766 2044 2829 piis
2068 2767 2418 2815 concionibus,

1536 2839 1769 2888 Pensare
1789 2841 1931 2890 exitu
1954 2842 2319 2904 eloquentiam,
2343 2848 2424 2891 est
2445 2855 2539 2905 pa-

1471 2929 1580 2964 rem
1605 2915 1907 2978 eloquentia·
1929 2915 2124 2964 exitum
2149 2915 2391 2965 nancisci.
2433 2916 2538 2966 Po·

1473 2990 1658 3040 tuisset
1693 2990 1899 3039 dicere:
1939 2992 2051 3040 Nec
2088 2990 2403 3052 Respublica
2435 2992 2540 3041 elo-

1472 3068 1737 3130 quentiam
1760 3067 2116 3115 Gracchorum
2139 3067 2336 3130 legibus
2357 3079 2538 3116 eorun-

1472 3142 1590 3191 dem
1645 3143 1774 3192 bene
1839 3142 2105 3206 pensavit:
2164 3156 2258 3190 nec
2296 3140 2537 3191 Ciceroni

1475 3219 1605 3266 tanti
1628 3216 1726 3266 fuit
1764 3216 2011 3266 salubrior
2040 3216 2350 3281 eloquentia,
2387 3223 2447 3266 ut
2469 3215 2537 3267 ob

1473 3310 1587 3344 eam
1613 3295 1766 3345 talem
1787 3295 1982 3344 exitum
2006 3292 2221 3343 faceret.

1540 3371 1675 3419 Sane
1717 3370 1778 3419 τὸ
1830 3371 2019 3428 samam
2078 3369 2295 3418 adderet
2339 3367 2539 3433 aliquid

1476 3449 1768 3510 sententia»,
1807 3455 1864 3495 ut
1903 3460 2003 3494 uon
2027 3446 2178 3494 modo
2205 3444 2537 3507 utilitatibus,

1475 3523 1568 3572 sed
1593 3523 1747 3571 etiam
1785 3521 1947 3585 gloria
1970 3528 2026 3569 et
2049 3519 2401 3583 magnitudine
2424 3519 2536 3582 ejus

1474 3598 1813 3663 praeferretur
1835 3595 2099 3644 Gracchis.
2154 3594 2337 3644 Potest
2361 3601 2540 3644 tamen

1477 3672 1691 3722 retineri
1721 3671 1950 3732 sermm,
2003 3677 2062 3719 ut
2104 3670 2174 3719 sit
2218 3670 2352 3718 idem
2398 3667 2538 3734 qnod

1477 3764 1638 3815 genus
1659 3748 1881 3797 dicendi.

1543 3825 1733 3874 Melius
1789 3824 1900 3873 scil.
1956 3821 2137 3871 fuisset
2197 3819 2537 3884 Reipublicae,

1478 3901 1744 3951 Gracchos
1781 3914 1884 3949 non
1908 3898 2067 3946 fuisse
2105 3896 2348 3956 disertos,
2387 3908 2539 3957 quam

1478 3977 1721 4026 facundia
1742 3976 1806 4024 ad
1831 3974 2100 4024 seditiosas
2126 3973 2261 4034 leges
2299 3968 2539 4020 ferendas

1480 4054 1586 4114 uti;
1619 4062 1678 4103 et
1697 4055 1879 4100 melius
1918 4048 2176 4107 Ciceroni,
2209 4045 2438 4111 quamvis
2459 4059 2538 4093 sa·

1477 4129 1638 4178 lubris
1683 4124 1994 4190 eloquentia».
2037 4135 2227 4186 genere
2273 4120 2356 4169 vel
2399 4116 2539 4167 fama

1475 4208 1721 4270 caruisse,
1740 4218 1893 4271 quam
1912 4209 2128 4268 propter
2157 4199 2295 4250 illam
2318 4197 2393 4248 sie
2414 4210 2535 4263 per·
