3000 4859
1313 356 1490 423 8681

696 647 830 717 DE
873 643 1498 712 ORATORIBUS
1549 643 2128 711 DIALOGUS.¹·

369 822 397 869 1
435 816 517 869 Ad
537 816 746 869 titulum
771 818 910 884 quod
930 819 1141 881 attinet,
1158 820 1209 868 in
1229 819 1360 869 Mss.
1375 817 1548 869 Vatic.
1564 818 1840 868 Brotierus
1858 818 1994 868 liuuc
2016 818 2241 882 reperit.

2279 819 2336 867 C.
2359 819 2504 871 Corn.

305 884 462 932 Tacite
477 885 697 946 dialogus
716 886 773 933 de
798 885 1095 934 Orator-ibas.
1143 885 1242 934 Ed.
1268 884 1509 949 princeps
1522 885 1630 933 ita.
1670 884 1885 933 Cornelii
1912 883 2065 933 Taciti
2090 884 2167 948 Eq
2172 883 2507 934 uitisRmoe-ni

299 949 519 1009 &dog-as
553 951 614 998 de
645 949 932 998 Oratoribus
966 951 1124 999 eteris.

1189 949 1395 999 Puteal.
1434 956 1490 998 et
1526 950 1654 998 Ber.
1681 949 1890 998 Cornelia·
1912 949 2067 997 Taciti

2090 949 2507 1012 &mnam

300 1012 536 1077 δίεισιν,
554 1030 618 1064 an
633 1014 709 1063 sni
727 1016 885 1064 secali
904 1021 1113 1065 oratores
1131 1014 1473 1079 antiquioribus
1492 1017 1541 1063 et
1559 1028 1704 1077 qum-e
1720 1015 1986 1063 multant.
2017 1012 2201 1064 Oberl.

1304 1144 1519 1197 NOTAE

366 1263 393 1290 ⁸
414 1256 671 1323 Diu-lugu]
704 1260 864 1310 Hunc
879 1260 1135 1325 dialogum
1152 1259 1238 1309 vix
1249 1272 1366 1310 cre-

300 1332 521 1385 diderim
536 1350 646 1384 esse
660 1337 848 1399 Taciti,
860 1351 1146 1403 quanquam
1162 1342 1364 1401 auctor,

302 1411 534 1477 quisquis
553 1411 654 1462 fuit
683 1414 794 1477 ejus
818 1414 1154 1464 eruditissimi
1170 1412 1367 1475 saculi,

301 1493 547 1551 testatur,
566 1503 620 1537 se
637 1487 1085 1539 disertissimorum
1105 1487 1363 1537 hominum

303 1576 593 1613 sermonem
610 1570 867 1628 repetere,
884 1580 1036 1630 quem
1048 1565 1256 1630 juvenis
1275 1564 1364 1614 ad·

301 1639 514 1688 modum
550 1639 824 1701 audiverit,
867 1644 887 1671 ⁴
910 1641 1091 1691 iisdem
1136 1639 1365 1690 numeris

301 1714 590 1780 iisdemque
623 1717 903 1767 rationibus
920 1719 953 1779 ς’
986 1725 1044 1768 ut
1082 1718 1256 1782 potius
1290 1718 1366 1766 lo·

303 1792 390 1856 qui
409 1790 525 1842 illos
541 1793 677 1856 ipsos
694 1795 862 1844 lector
877 1795 1068 1845 debeat
1080 1793 1365 1857 imaginari,

304 1880 459 1932 qnam
495 1883 615 1919 eum
638 1871 725 1934 qui
757 1870 1080 1933 conscripsit.
1144 1870 1282 1919 Sane
1303 1867 1368 1917 fit

304 1943 393 2009 liic
423 1944 439 1971 ‘
466 1946 584 1993 anni
607 1947 760 1996 sexti'
791 1947 984 1997 mentio
1017 1947 1033 1974 ⁸
1059 1944 1366 2010 Vespasiani

302 2022 625 2086 principatus
644 2027 678 2083 ς’
729 2038 830 2089 quo
874 2029 1104 2089 tempore
1152 2024 1368 2087 juvenis

305 2095 409 2148 fait
436 2098 713 2148 admodum
734 2100 956 2151 Tacitus.
1021 2100 1108 2151 Fit
1139 2108 1194 2151 et
1226 2117 1366 2152 men·

305 2174 381 2225 tio
401 2179 417 2204 ⁸
445 2175 690 2237 Matiani,
706 2183 1104 2242 senatorumque
1128 2180 1370 2243 eloquen-

307 2251 436 2303 tium
459 2251 606 2315 Eprii
629 2252 871 2303 Marcelli
903 2267 964 2303 ac
985 2254 1154 2316 Crispi
1175 2254 1315 2304 Vibii
1334 2253 1367 2303 ι’

307 2342 523 2392 quorum
561 2342 767 2393 quoque
801 2329 1034 2378 meminit
1068 2329 1277 2378 Tacitus
1314 2330 1368 2378 iu

304 2404 451 2453 libris
472 2404 763 2454 Annalium.
832 2406 948 2455 Nec
967 2404 1147 2456 Justus
1165 2404 1374 2468 Fabius,

308 2479 390 2530 cni
433 2480 734 2530 inscribitur
780 2480 878 2530 hoc
930 2483 1250 2544 opusculum,
1303 2494 1370 2530 ex

307 2555 468 2605 Plinii
490 2556 722 2620 epistolis
744 2555 950 2620 ignotus
967 2563 1064 2605 est.
1116 2557 1219 2606 Sed
1236 2556 1369 2606 haud

307 2645 390 2681 me
416 2634 546 2682 latet
567 2634 726 2682 etiam
745 2634 881 2696 apud
898 2640 1103 2683 veteres
1124 2641 1228 2684 tam
1246 2640 1371 2698 apte

308 2708 604 2773 conscripta
618 2709 851 2774 quaedam
867 2724 1000 2771 esse,
1011 2714 1068 2758 ut
1082 2710 1373 2774 antiquiora

310 2786 475 2836 videri
505 2794 719 2852 queant,
749 2802 899 2852 quam
923 2794 1061 2837 snut.
1124 2787 1373 2850 Suspicor

307 2864 501 2917 Salium
520 2867 674 2915 istum
696 2867 991 2915 Secundum
1007 2872 1062 2914 et
1078 2865 1157 2914 M.
1172 2863 1371 2929 Aprum

309 2940 710 3005 blaten-numque
730 2941 910 2990 Gallos
947 2939 1100 2990 fuisse
1135 2956 1165 2988 e
1202 2940 1372 2990 Gallia

307 3014 528 3080 Togata,
582 3030 696 3080 quaa
751 3016 899 3065 Italis
959 3015 1222 3079 Cisalpina
1272 3022 1372 3064 est.

311 3091 446 3140 Nam
467 3091 545 3141 sic
566 3091 755 3141 alicubi
778 3078 906 3140 dicit
930 3090 1095 3154 Aper,
1127 3091 1371 3142 ‘Quotus

310 3167 527 3231 quisque
552 3181 666 3216 cum
690 3182 752 3215 ex
771 3167 1025 3231 Hispania
1047 3168 1127 3216 vel
1144 3167 1286 3231 Asia,
1306 3181 1372 3216 ne

307 3241 433 3305 quid
471 3241 539 3291 de
574 3242 742 3292 Gallis
776 3243 963 3292 uostris
995 3243 1281 3307 loquamur,
1321 3244 1372 3292 iu

310 3316 490 3367 urbem
511 3318 671 3379 veuit,
703 3319 927 3368 Saleium
959 3320 1175 3369 Bassum
1201 3321 1374 3386 requi·

309 3393 424 3443 rit?
457 3394 624 3443 Panlo
655 3403 772 3457 post
805 3394 993 3456 idem,‘
1017 3397 1066 3443 in
1100 3396 1375 3445 Britannia

307 3467 463 3519 fnisse
517 3470 665 3520 sese!
717 3471 995 3521 Rhenanu-
1073 3472 1189 3522 Hoc
1243 3488 1371 3537 opus

307 3545 490 3595 'l'ncito
507 3547 680 3611 potins
699 3548 1006 3597 asseruerim
1024 3563 1176 3614 quam
1195 3549 1374 3612 Fabio,

310 3631 520 3672 secutus
550 3635 654 3672 nou
686 3624 838 3673 modo
861 3624 1136 3688 Pomponii
1172 3625 1374 3687 Sabini,

309 3698 402 3753 sed
435 3706 490 3748 et
528 3702 754 3749 omnium
792 3703 1166 3765 exemplarium
1201 3700 1374 3752 fidem.

313 3774 431 3825 Nec
455 3790 537 3825 me
552 3777 667 3840 jam
699 3777 819 3840 styli
845 3778 976 3828 ratio
1002 3793 1162 3842 usque
1184 3793 1246 3828 eo
1267 3792 1373 3827 mo·

310 3864 418 3915 vet,
440 3870 557 3904 cum
577 3856 733 3904 sciam
753 3871 845 3919 pro
864 3863 1022 3906 oetate
1037 3856 1193 3906 facile
1216 3870 1376 3919 genus

313 3927 520 3978 «licendi
545 3931 730 3978 mutari
750 3947 762 3978 ε
799 3939 855 3980 et
873 3932 1013 3995 quod
1029 3930 1375 3980 adolescentis

313 4000 417 4057 fuit
450 4004 647 4067 latum,
678 4006 960 4068 luxurians,
999 4004 1277 4069 profluens,
1312 4021 1373 4056 ac

311 4077 549 4130 floridum
568 4097 583 4141 3
619 4081 756 4129 senis
773 4080 888 4131 fieri
905 4082 1186 4142 concisum,
1202 4082 1377 4146 breve,

315 4169 492 4221 grave,
523 4157 770 4221 sobrium,
804 4172 865 4206 ac
901 4165 1186 4206 maturum:
1221 4159 1376 4223 quale

311 4231 476 4298 ipsius
506 4232 782 4285 Annaliun
821 4240 879 4285 ot
913 4233 1238 4285 historiarum
1275 4242 1378 4301 est,

1449 1259 1517 1309 ad
1564 1246 1681 1324 qu'oe
1724 1258 1999 1310 scribenda
2047 1259 2157 1323 jain
2211 1271 2369 1311 senex
2412 1257 2509 1309 sub

1446 1339 1626 1391 Nerva
1647 1340 1871 1389 animum
1894 1338 2112 1403 appulit.
2148 1337 2377 1387 Pilliaeas.
2443 1338 2508 1388 Iu

1444 1416 1524 1465 his
1548 1417 1698 1466 Notis
1720 1431 1784 1466 ea
1823 1416 2006 1465 saltem
2032 1420 2257 1478 tangam,
2291 1428 2509 1479 quorum

1445 1491 1530 1542 vel
1564 1492 1775 1556 insignis
1811 1491 2067 1542 correctio
2102 1498 2203 1552 est,
2239 1491 2324 1539 vel
2349 1489 2509 1539 ambi-

1444 1582 1565 1632 gua.
1632 1568 1852 1633 Reliqua
1871 1575 2083 1630 recepta
2109 1567 2162 1615 iu
2183 1573 2508 1627 contextum,

1444 1644 1570 1694 satis
1593 1643 1664 1693 sit
1685 1644 1842 1693 verbo
1867 1642 1983 1706 jam
2015 1656 2152 1692 nuuc
2184 1641 2511 1705 praedixisse,

1446 1736 1476 1769 e
1523 1718 1825 1770 Faruesiani
1875 1719 1995 1768 libri
2040 1717 2143 1767 fide
2188 1732 2335 1779 esse3
2389 1730 2507 1766 nam

1445 1796 1713 1846 Vaticanis
1735 1796 1933 1845 aberat.
1999 1792 2075 1844 At
2106 1794 2171 1843 de
2202 1795 2420 1856 scripto,
2452 1798 2511 1841 et

1446 1873 1703 1936 scriptore
1749 1873 1882 1936 ipso,
1922 1884 2089 1936 pauca
2128 1870 2286 1920 etiam
2323 1870 2409 1918 hic
2451 1868 2510 1918 li·

1447 1949 1620 1998 banda
1641 1955 1776 1998 suut.
1811 1949 2068 2011 Scriptum
2093 1961 2217 1996 sane
2240 1946 2511 2010 optimum,

1448 2026 1607 2087 stylo,
1624 2024 1938 2086 inventione,
1951 2023 2186 2087 judicio:
2223 2028 2277 2071 et
2298 2021 2512 2086 quadiu

1446 2102 1547 2151 hoc
1590 2115 1781 2166 genere
1825 2102 2107 2164 (integrum
2150 2107 2288 2149 esset
2330 2096 2513 2162 modo)

1447 2174 1687 2227 conferre
1724 2177 1849 2225 nihil
1886 2189 2071 2225 verear
2104 2186 2221 2224 cum
2266 2174 2349 2237 iis,
2392 2187 2513 2238 qun

1448 2253 1634 2319 optimi
1653 2254 1817 2316 stecli,
1838 2259 1894 2303 et
1918 2252 2129 2317 optimae
2146 2257 2304 2301 uotoe.
2337 2250 2515 2313 Scrip-

1449 2337 1533 2378 tor
1554 2336 1727 2379 tamen
1748 2331 1862 2393 ipse
1891 2329 2140 2378 incertus.
2204 2327 2343 2376 Nam
2363 2326 2516 2375 Taci-

1453 2412 1563 2454 tum
1580 2403 1743 2454 fuisse
1762 2404 1846 2468 qui
1868 2404 2080 2454 credam
2099 2406 2118 2453 ἓ
2150 2404 2326 2466 Stylus
2343 2400 2514 2451 valide

1450 2481 1654 2545 abnuit,
1672 2480 1827 2545 idque
1842 2495 1943 2529 non
1962 2479 2123 2528 fallax
2140 2479 2191 2527 iu
2209 2479 2305 2527 hoc
2324 2490 2516 2542 genere

1450 2562 1842 2622 argumentum:
1877 2556 2044 2619 stylus
2075 2557 2129 2604 iu
2156 2555 2365 2616 Tacito,
2391 2568 2516 2603 oon·

1451 2634 1665 2684 strictus
1689 2634 1896 2697 ubique,
1933 2638 2090 2693 teres,
2122 2640 2324 2690 acutus,
2357 2639 2413 2681 et
2436 2644 2518 2679 se·

1451 2725 1600 2761 verus
1614 2710 1777 2774 magis
1798 2723 1950 2774 quam
1967 2707 2175 2772 lepidus
2196 2723 2208 2757 z
2242 2707 2326 2756 liic
2347 2707 2518 2756 omnia

1453 2795 1651 2838 contra.
1718 2787 1790 2837 At
1828 2787 2014 2835 mutari
2054 2787 2096 2835 is
2134 2787 2186 2835 in
2226 2792 2385 2835 aetate
2425 2791 2516 2835 aut

1453 2869 1756 2927 argumento
1808 2869 2001 2926 potest,
2051 2863 2303 2926 inquiunt.
2392 2861 2515 2910 Non

1453 2953 1588 3001 nego
1606 2956 1619 2988 :
1654 2938 1745 2988 sed
1763 2952 2020 3001 nunquam
2039 2938 2112 2986 ita
2130 2942 2187 2985 ut
2204 2937 2358 2986 abeat
2374 2951 2519 3000 pror-

1452 3028 1537 3063 sus
1558 3030 1590 3062 a
1610 3027 1745 3062 sese.
1795 3011 2056 3075 Quicquid
2080 3011 2268 3061 Cicero
2289 3010 2520 3074 scripsit,

1453 3100 1634 3151 senex,
1663 3090 1897 3153 juvenis,
1929 3088 2262 3152 philologum,
2300 3088 2520 3153 pbiloso-

1453 3169 1629 3231 phum,
1661 3168 1799 3218 iniis
1822 3174 1994 3217 tamen
2027 3166 2343 3215 lineamenta
2376 3180 2517 3230 quo-

1452 3245 1572 3294 dam
1617 3251 1871 3308 apparent
1915 3243 2031 3307 ejus
2077 3242 2173 3291 viri
2224 3247 2278 3290 et
2324 3239 2517 3291 vultus.

1453 3323 1569 3372 Nec
1590 3320 1745 3371 aliter
1765 3321 1824 3369 fit
1846 3321 1898 3368 in
1922 3318 2157 3369 omnibus
2177 3318 2341 3367 nobis.
2378 3317 2517 3367 AEta·

1453 3404 1561 3446 tem
1576 3396 1898 3457 etiamvide,
1930 3397 2098 3445 sinon
2137 3401 2346 3459 pugnat.
2410 3386 2517 3443 nie

1453 3474 1679 3536 scriptor
1709 3486 1995 3522 sermonem
2023 3471 2156 3521 hunc
2174 3466 2411 3520 habitum
2445 3469 2519 3518 iu·

1454 3548 1600 3598 ducit
1639 3558 1788 3598 sexto
1822 3550 2057 3598 Flaviani
2101 3548 2304 3610 imperii
2343 3560 2512 3597 auno:

1453 3626 1607 3689 eique
1631 3624 1925 3675 interfuisse
1946 3641 1999 3673 se
2021 3625 2521 3685 admodumjucenen.

1456 3702 1729 3752 Quomod'o
1752 3716 1874 3751 vero
1906 3710 2031 3751 tuuc
2065 3703 2338 3752 admodum
2363 3701 2522 3764 juve-

1455 3779 1535 3827 nis
1566 3779 1793 3835 Tacitus,
1849 3780 1891 3827 si
1928 3780 2143 3827 honores
2179 3788 2335 3826 etiam
2371 3773 2518 3836 cepit

1453 3855 1549 3904 sub
1576 3857 1917 3918 Vespasiano?
1966 3857 2029 3905 Id
2053 3857 2187 3903 euim
2212 3855 2277 3900 de
2308 3867 2363 3899 se
2388 3850 2518 3900 fatu-

1457 3938 1562 3992 tur‚
1601 3941 1654 3982 et
1677 3932 1959 3994 dignitatem
1995 3945 2134 3977 suam
2172 3944 2202 3975 a
2234 3927 2519 3990 Vespasiano

1454 4009 1721 4057 inchoatam
1738 4009 1807 4057 ait
1830 4006 2172 4055 Historiarum
2193 4006 2320 4066 prim
2331 4022 2376 4051 υ.
2408 4003 2515 4052 Sed

1457 4085 1776 4149 exemplaria
1792 4082 1961 4132 omnia
1976 4081 2163 4129 Tacito
2182 4082 2362 4128 librum
2380 4078 2521 4130 hune*

1454 4166 1708 4209 asserunt.
1793 4160 1924 4209 Quoe
1962 4156 2082 4205 illa?
2139 4157 2226 4204 vix
2272 4155 2390 4205 bina
2426 4162 2521 4207 aut

1455 4233 1874 4286 teruaeredoea
1900 4231 2515 4298 osseinomniEnropax
