3000 4859
1018 385 1430 453 samum,
1473 387 1642 439 aar.
1683 371 1795 439 18.

2303 367 2494 437 m

269 527 643 598 &enm
664 549 801 597 m
826 529 1217 612 suebant?
1258 532 1414 619 ipae
1434 535 1594 599 aaa
1621 547 1894 616 agmen,-
1914 548 2050 615 «ιω
2076 524 2326 595 obtutis
2351 545 2477 612 pa

267 710 2485 782 w2wuuwknpmgrma,wraemmoeamaaemuenm

1270 901 1483 962 Non:

272 983 537 1107 integram
570 1017 829 1085 legionen
865 1018 1094 1083 (inisse,
1130 1019 1233 1069 sed
1268 1018 1334 1070 de

269 1089 488 1158 singulis
522 1084 758 1144 idoneam
795 1101 850 1145 et
870 1093 1211 1145 sufficientem
1231 1108 1335 1144 ma-

274 1184 416 1234 num,
454 1179 514 1221 ut
549 1172 676 1222 licet
715 1178 796 1222 tot
830 1171 1054 1221 numeris
1091 1172 1209 1222 binc
1244 1171 1334 1222 ab·

270 1241 465 1310 ductis,
504 1253 678 1298 tamen
701 1262 795 1313 per
822 1254 999 1298 castra
1016 1254 1074 1298 et
1095 1246 1337 1311 presidia

271 1320 457 1374 eadem
481 1337 678 1374 summa
710 1324 968 1389 legionum
1001 1324 1129 1375 licet
1149 1339 1335 1374 vacua-

272 1411 387 1447 rum
424 1406 720 1460 constaret3
768 1408 926 1463 atque
961 1399 1078 1464 ipso
1115 1398 1339 1464 nomine,

270 1473 460 1524 relicta
494 1471 613 1523 loca
632 1475 685 1524 iu
722 1472 827 1525 fide
861 1476 1132 1536 retineret,
1164 1489 1335 1540 neque

274 1550 530 1599 occasioni
554 1551 848 1601 rebellionis
878 1557 1028 1615 terga
1053 1550 1336 1615 patefacta,

272 1635 331 1679 ut
354 1644 384 1678 a
403 1629 674 1690 Suetonio,
696 1629 933 1678 Britanni
955 1628 1268 1692 cogitarent.

337 1704 458 1756 Quo
479 1705 701 1755 consilio
732 1704 801 1754 ad
838 1704 1071 1760 Rhenum
1094 1710 1151 1754 et
1172 1702 1338 1752 Vitel-

271 1780 434 1832 lianos
457 1795 575 1831 usos
610 1781 843 1846 legituns,
878 1795 996 1831 cnm
1035 1780 1086 1829 in
1127 1779 1335 1830 Italiam

274 1856 742 1922 proficiscerentur.
779 1857 1063 1907 Gronovius.

341 1933 573 1996 lelis]
626 1933 807 1984 Debet
846 1940 1049 1984 attente
1087 1933 1335 1997 distingui

271 2010 408 2061 inter
428 2010 604 2060 vexilla
626 2008 906 2073 legionum,
942 2023 1035 2059 seu
1063 2008 1336 2058 vexillarios

269 2085 387 2134 talis
425 2084 665 2149 legionis,
707 2089 766 2136 et
805 2089 1064 2146 canonos,
1108 2085 1198 2150 qui
1237 2083 1334 2136 sub

270 2160 463 2211 vexillo
483 2161 642 2211 etiarn
664 2161 951 2212 merebant.
1002 2160 1076 2211 m
1098 2161 1334 2213 veterani

271 2237 363 2287 sub
386 2237 581 2288 vexillo
617 2237 993 2302 retinebantur,
1027 2251 1125 2288 nec
1158 2243 1334 2288 tamen

269 2315 423 2368 ullius
467 2313 687 2380 legionis
732 2320 898 2378 erant,
952 2328 1050 2364 nec
1093 2314 1335 2364 vexillarii

269 2390 480 2455 proprie
501 2390 825 2452 dicebantur,
860 2404 1029 2455 neque
1062 2387 1201 2453 apud
1232 2390 1333 2440 Ta-

273 2466 434 2517 citum
480 2467 713 2531 reperias
756 2468 832 2517 sic
873 2466 1040 2517 dictos
1079 2479 1223 2528 esse;
1277 2471 1335 2518 et

269 2543 405 2593 male
428 2557 516 2592 eos
536 2542 852 2606 interpretes
875 2538 1218 2592 confundunt.
1266 2540 1333 2592 In

270 2620 545 2685 pra’sidiis,
581 2634 674 2669 seu
704 2619 956 2681 castellis,
991 2618 1077 2669 vel
1098 2618 1332 2680 coloniis,

272 2693 632 2744 retinebantur
654 2694 749 2743 sub
772 2693 962 2743 vexillo
998 2693 1073 2742 illi
1103 2687 1335 2755 ueterani,

271 2771 496 2822 omnium
513 2769 627 2820 fere
644 2784 911 2818 munerum
926 2769 1049 2819 belli
1070 2769 1338 2832 immunes,

270 2848 365 2897 uisi
390 2845 724 2912 propulsandi
760 2845 923 2894 hostis
956 2859 989 2894 a
1022 2845 1125 2894 suis
1161 2844 1339 2907 praesi-

271 2923 391 2986 diis,
409 2927 466 2972 et
487 2923 539 2971 in
565 2922 708 2971 nullo
731 2919 949 2984 corpore
972 2921 1194 2984 legionis
1216 2935 1338 2971 cen-

273 2999 542 3060 sebantur,
574 2997 729 3046 immo
764 2996 1092 3048 exauctorati
1123 3003 1180 3046 et
1201 3010 1337 3048 eme-

272 3073 356 3124 riti
374 3079 523 3123 erant
539 3090 555 3135 ;
590 3079 645 3123 at
660 3072 903 3122 vexillarii
918 3072 1181 3137 legionum
1194 3075 1338 3123 velut

270 3151 506 3214 expediti
550 3149 922 3214 seligebantur,
972 3149 1339 3201 mittebantur-

272 3242 370 3293 que
394 3227 492 3291 ipsi
512 3228 562 3276 in
583 3227 789 3276 diversa
804 3229 940 3290 loca,
956 3226 1027 3284 ad
1049 3229 1192 3277 varia
1213 3228 1338 3277 belli

273 3304 468 3363 munia,
491 3311 546 3353 et
580 3304 879 3353 retinebant
910 3318 1096 3354 nomen
1129 3320 1236 3354 suae
1260 3306 1331 3355 le-

273 3379 459 3443 gionis,
497 3379 641 3443 cujus
674 3386 732 3429 et
769 3385 877 3428 tum
911 3393 1032 3443 pars
1071 3386 1240 3442 erant,
1278 3385 1335 3430 et

273 3455 356 3504 cui
381 3468 555 3503 rursus
578 3454 1001 3516 restituebantur,
1037 3463 1250 3518 peracta
1272 3472 1337 3507 ea

272 3530 605 3595 expeditione
628 3530 695 3579 ad
719 3546 873 3595 quam
891 3532 1073 3581 selecti
1104 3539 1159 3581 et
1196 3532 1337 3581 missi

271 3614 440 3657 crant.
506 3607 679 3671 Igitur
700 3621 817 3656 cum
836 3606 910 3656 ibi
932 3607 1080 3668 dicit,
1101 3608 1338 3670 legionum

268 3683 478 3746 uexillis,
513 3690 875 3746 argumentum
907 3689 1006 3745 est,
1038 3682 1338 3748 Agricolam

271 3761 467 3809 nullam
491 3758 697 3808 duxisse
719 3760 977 3824 legionem
997 3761 1272 3824 integram,
1292 3760 1340 3810 si

271 3836 484 3898 proprie
494 3836 740 3902 loquitur.
767 3836 814 3886 N
822 3852 902 3886 am
914 3842 970 3885 et
984 3843 1183 3885 tantum
1194 3837 1340 3886 modi-

271 3926 374 3960 oans
392 3911 548 3959 etiam
564 3911 851 3960 auxiliorum
866 3927 1057 3961 murram
1069 3926 1245 3961 secum
1261 3926 1339 3961 ra-

274 3988 368 4053 pit.
422 3986 558 4035 Nam
579 3985 772 4051 Aquila
791 3987 1044 4051 legionum
1064 3994 1163 4049 est,
1179 3997 1233 4037 et
1253 4002 1339 4035 ve-

1416 1029 1643 1082 propcre
1679 1012 1999 1067 Ordovicum
2037 1011 2370 1064 rebellionem
2404 1012 2484 1064 ul-

1417 1092 1721 1157 cisceretur,
1757 1097 1815 1143 et
1849 1105 1953 1156 quo
1990 1090 2166 1141 statim
2205 1088 2395 1140 famam
2426 1095 2486 1140 et

1417 1175 1670 1219 torrorem
1703 1167 1758 1218 in
1782 1173 1989 1218 ceteros
2022 1166 2248 1217 rebelles
2278 1178 2490 1230 sparge-

1415 1250 1515 1295 ret.
1580 1243 1859 1308 Distingne
1892 1244 2052 1293 etiarn
2090 1242 2231 1292 inter
2260 1243 2486 1293 uexillum

1413 1320 1736 1386 simpliciter,
1790 1326 1848 1371 et
1877 1319 2244 1370 vexillationum.
2319 1313 2484 1368 Vexil-

1413 1399 1514 1449 lsnn
1547 1398 1758 1458 dicitur,
1792 1413 1910 1448 cum
1940 1397 2147 1448 unicum
2180 1402 2296 1458 est;
2330 1395 2486 1447 omat-

1412 1476 1530 1525 latio
1549 1483 1670 1526 sunt
1691 1477 1837 1540 plura
1856 1476 2046 1526 vexilla
2062 1475 2212 1525 simul
2231 1474 2479 1525 adunata.

1415 1552 1698 1618 Distingue
1714 1552 1870 1603 etiarn
1894 1552 2031 1602 inter
2051 1551 2243 1612 ces-illa,
2257 1565 2348 1600 seu
2365 1564 2483 1599 eece-

1410 1627 1672 1678 illatioaem
1709 1629 1808 1678 evi
1831 1626 2147 1716 Corneliani,
2183 1632 2241 1677 et
2280 1626 2480 1675 uexilla-

1411 1703 1563 1753 tiones
1581 1702 1842 1753 inferioris
1863 1704 1982 1764 aevi,
2016 1702 2083 1753 dc
2104 1701 2288 1768 qulbus
2309 1700 2479 1777 vege-⁸

1415 1778 1535 1828 tius.
1605 1779 1655 1829 N
1660 1794 1741 1829 am
1763 1779 2090 1829 vexillationes
2120 1779 2224 1828 iuae
2243 1767 2478 1842 vegetii,

1413 1856 1650 1920 equitum
1670 1854 1914 1917 fueruut3
1947 1862 2003 1906 at
2025 1861 2204 1906 nostra
2224 1855 2336 1905 haec
2368 1869 2482 1905 uex-

1410 1936 1500 1985 illa
1524 1942 1645 1986 sunt
1676 1936 2073 2000 legionariorum
2096 1950 2187 1985 sen
2210 1934 2479 1997 peditum·
2464 1969 2479 1983 .

1412 2025 1534 2061 nam
1569 2011 1729 2060 robur
1766 2013 1980 2076 legionis
2013 2011 2068 2060 in
2106 2010 2319 2075 pedite3
2353 2010 2483 2061 licet

1412 2084 1556 2138 forte
1594 2093 1650 2137 et
1687 2087 1812 2150 ipsis
1843 2087 2125 2136 vexillariis
2162 2085 2483 2135 adderentur

1413 2163 1637 2230 equites.
1712 2163 1931 2213 Veterani
1950 2178 2040 2213 seu
2059 2163 2194 2212 missi
2209 2163 2367 2212 etlam
2384 2161 2481 2211 sub

1412 2240 1587 2290 ouillo
1607 2238 1774 2289 adbuc
1808 2238 2171 2290 retinebantur
2190 2239 2483 2289 merebant·

1416 2331 1546 2381 que:
1582 2316 1674 2366 sed
1696 2316 1822 2365 illud
1846 2316 1945 2367 boc
1966 2318 2192 2367 uexillm
2212 2322 2484 2366 veterano-

1415 2407 1550 2451 rum,
1588 2391 1830 2441 vexillnm
1869 2391 1972 2442 fuit
2002 2393 2329 2456 simpliciter,
2375 2406 2479 2441 non

1414 2466 1656 2515 vexillum
1698 2465 1915 2530 alicujus
1951 2466 2203 2530 legionis;
2250 2472 2306 2515 et
2342 2465 2482 2515 baud

1415 2541 1573 2593 dubie
1594 2540 1760 2591 forma
1783 2556 1843 2591 ac
1863 2541 2041 2606 specie
2057 2542 2358 2592 distinctum
2380 2541 2483 2593 suit

1414 2631 1447 2666 a
1468 2617 1669 2666 vexillis
1689 2616 1969 2680 legionum,
1991 2623 2050 2666 ut
2073 2624 2128 2666 et
2149 2617 2247 2679 ipsi
2267 2615 2483 2666 ueterani

1415 2693 1600 2743 muniis
1623 2700 1680 2741 et
1701 2691 1883 2742 officiis
1905 2692 2141 2743 distincti
2163 2708 2193 2742 a
2213 2692 2481 2742 vexillariis

1413 2768 1707 2832 legionariis
1730 2773 1897 2819 erant.

1479 2851 1507 2886 1·
1539 2845 1601 2893 In
1643 2860 1824 2908 oequron
1861 2846 2057 2908 degredi
2093 2845 2349 2893 Ordouices
2389 2859 2482 2892 non

1415 2917 1672 2981 audebant]
1704 2919 2014 2984 Ordovices,
2048 2919 2481 2982 Septentrionalis

1414 2996 1623 3046 Wallia.
1658 2994 1885 3045 Servilius.

1482 3073 1648 3121 Recte
1706 3071 1935 3133 degredi:
1976 3071 2070 3120 sed
2110 3071 2292 3135 erigere
2333 3073 2483 3123 aciens

1417 3155 1516 3212 est,
1554 3147 1605 3196 in
1639 3147 1857 3197 arduum
1897 3161 2076 3197 versus
2110 3155 2340 3198 montem
2386 3149 2480 3199 du·

1416 3242 1557 3290 cere,
1588 3233 1649 3276 ut
1686 3225 1827 3290 apud
1858 3226 2061 3276 Livium
2097 3226 2183 3276 lib.
2217 3240 2257 3276 1.
2302 3229 2318 3256 ‘
2346 3226 2481 3278 Inde

1412 3302 1504 3352 ubi
1529 3302 1651 3353 satis
1675 3301 1874 3352 subisse
1897 3316 2012 3352 sese
2035 3307 2179 3352 ratus
2202 3309 2300 3368 est,
2329 3303 2483 3369 erigit

1415 3388 1579 3432 totam
1602 3379 1806 3431 aciem!
2379 3419 2384 3424 .

1482 3457 1641 3506 Libro
1661 3469 1746 3506 ιιι.
1782 3457 1798 3485 ‘
1819 3455 1974 3506 Hunc
1994 3456 2176 3506 ducem
2196 3458 2376 3522 secuti,
2395 3474 2484 3509 ne-

1420 3533 1690 3597 quicquam
1728 3531 2130 3581 reclamantibus
2154 3533 2395 3598 tribunis,
2428 3535 2482 3583 in

1418 3610 1608 3660 clivum
1640 3609 1989 3672 Capitolinum
2035 3611 2240 3674 erigunt
2284 3613 2486 3663 aciem-⁸

1420 3685 1523 3737 Sed
1546 3695 1600 3735 et
1622 3685 1812 3747 saepius
1835 3684 1908 3734 sic
1928 3684 2163 3736 Tacitus.
2200 3688 2483 3738 Gronovius.

1483 3763 1546 3811 In
1565 3760 1771 3824 equitus]
1804 3760 1867 3807 In
1903 3760 2132 3824 planum,
2165 3762 2215 3810 in
2242 3769 2481 3825 apertum

1418 3851 1674 3901 campum.
1740 3835 1930 3897 Neque
1948 3837 2125 3885 statim
2144 3835 2486 3885 ordinabatur

1416 3914 1529 3976 ipse
1548 3911 1696 3960 miles
1710 3909 1862 3960 Rom.
1881 3909 1935 3958 in
1953 3911 2089 3959 colle
2109 3917 2200 3959 aut
2216 3909 2371 3972 clivo,
2387 3908 2481 3959 sed

1419 3989 1474 4037 in
1508 4002 1657 4052 aequo
1691 3993 1748 4035 et
1767 3985 1917 4050 justo
1949 3985 2092 4045 loco;
2125 3990 2184 4033 at
2221 3999 2339 4033 mox
2374 3983 2482 4035 dux

272 4064 639 4128 sisimiliter‚ut
656 4064 887 4129 hyberno
902 4072 1344 4129 tempore‚secum
1423 4065 1581 4115 erexit
1620 4064 1787 4125 aciem,
1847 4074 1949 4110 non
1988 4061 2120 4109 ausis
2154 4060 2388 4110 hostibus
2426 4060 2484 4110 in

274 4147 474 4190 tantum
524 4142 701 4203 rapuit
746 4140 1023 4191 vexillarios
1058 4142 1340 4206 legionum,

271 4216 325 4267 id
342 4225 442 4277 est,
457 4218 657 4266 electos
674 4223 730 4266 et
753 4217 1029 4281 expeditos
1050 4217 1256 4280 milites,
1280 4224 1341 4266 ut

397 4298 580 4364 Detpk.
600 4302 647 4348 et
680 4298 795 4349 Var.
822 4299 949 4348 Clas.

1287 4297 1446 4350 Tacit·

1422 4156 1605 4206 «equum
1624 4139 1796 4188 locum
1818 4137 2029 4199 degredi.

1486 4216 1617 4274 Quia
1633 4215 1688 4265 in
1704 4227 1886 4277 aeqmns
1904 4210 2099 4274 degredi
2115 4212 2371 4262 Ordovices
2389 4227 2486 4265 non

2211 4297 2275 4344 10
2298 4293 2349 4346 N
