3000 4859
1017 383 1423 451 nmnouus,
1461 381 1635 435 oar.
1673 367 1785 435 28.
2310 364 2491 454 wls,

289 535 358 596 et
384 531 639 594 ceteras
666 529 835 593 artes
863 526 1228 592 descivisse
1258 527 1348 591 ab
1373 527 1529 590 ista³
1556 532 1776 593 vetere
1802 524 2035 609 gloria,
2061 546 2191 593 non
2216 526 2491 611 inopia·

288 630 650 708 hominum,
698 629 814 694 sed
872 627 1132 694 desidia
1167 626 1540 709 juventutis
1589 632 1658 691 et
1711 627 2106 710 negligentia
2147 634 2490 711 parentum

290 736 363 797 et
414 729 766 795 inscientia
810 729 1369 813 praecipientium¹¹
1424 731 1491 791 et
1541 727 1870 792 oblivione
1923 728 2129 792 moris
2179 721 2485 814 antiqui?

287 849 445 914 quae
472 830 675 907 mala,
705 830 988 912 primum
1018 829 1084 890 in
1112 828 1273 891 urbe
1301 834 1478 905 nata,
1508 846 1672 893 mox
1697 848 1816 911 per
1843 828 2119 896 Italiam
2142 830 2312 907 fusa,
2341 831 2489 916 jam

289 935 363 999 in
412 932 801 1015 provincias
846 936 1156 995 manant:
1220 949 1603 1014 quanquam
1654 936 1883 996 nostra
1943 932 2170 998 nobis⁴
2229 932 2489 998 notiora

291 1042 472 1101 sunt.
560 1032 734 1114 Ego5
773 1031 855 1095 de
897 1032 1056 1095 urbe
1097 1037 1168 1097 et
1208 1031 1314 1095 his
1352 1032 1638 1115 propriis
1667 1051 1750 1097 ac
1772 1034 2148 1098 vernaculis
2176 1034 2360 1099 vitiis
2387 1034 2487 1100 lo-

291 1155 478 1221 quar,
529 1154 685 1218 quae
732 1139 925 1198 natos
969 1135 1193 1199 statim
1239 1134 1590 1218 excipiunt
1630 1140 1699 1201 et
1744 1153 1866 1219 per
1912 1135 2215 1218 singulos
2264 1134 2488 1201 aetatis

290 1237 531 1322 gradus
561 1236 1010 1302 cumulantur:
1056 1237 1116 1301 si
1143 1237 1330 1320 prius
1355 1235 1437 1300 de
1464 1237 1812 1302 severitate
1841 1256 1922 1301 ac
1964 1235 2318 1321 disciplina
2344 1255 2488 1300 ma-

280 1339 556 1424 jornm,⁰
582 1337 761 1402 circa
797 1338 1174 1403 educandos
1201 1338 1714 1423 formandosque
1754 1338 2024 1415 liberoS,
2052 1358 2279 1422 pauca
2313 1357 2489 1423 pree·

290 1439 547 1512 dixero.
634 1438 681 1503 J
684 1458 794 1504 am
821 1439 1127 1523 primum,
1157 1459 1319 1504 suus
1360 1440 1608 1524 cuique
1640 1437 1844 1517 filius,
1885 1458 1975 1503 ex
2002 1443 2189 1504 casta
2214 1445 2488 1524 parente
2513 1459 2527 1472 ·

289 1545 511 1634 natue,
554 1559 689 1607 non
729 1542 800 1605 in
832 1541 1001 1606 cella
1041 1547 1234 1608 emtae
1260 1543 1588 1620 nutricis,¹’
1625 1539 1743 1605 sed
1767 1542 2015 1623 gremio
2056 1561 2138 1606 ac
2166 1541 2318 1605 sinn
2343 1561 2488 1608 ma·

287 1643 434 1709 trisq
459 1644 903 1726 educabatur3
948 1642 1139 1728 cujus
1165 1644 1515 1728 praecipua
1541 1643 1689 1707 laus
1720 1647 1886 1718 erat,
1917 1643 2088 1707 tueri
2115 1642 2382 1710 domum
2420 1646 2487 1708 et

1213 1807 1509 1829 OOOOOOOO
1512 1807 1573 1828 ‘O

290 1907 322 1952 ⁸
355 1903 597 1955 Muretus
632 1904 814 1955 mallet
847 1904 1044 1955 ium—4
1086 1904 1174 1954 Sic
1213 1903 1337 1953 satis
1375 1901 1601 1954 feliciter
1635 1902 1838 1968 Segi-ais
1878 1908 2047 1955 mutat
2082 1909 2139 1953 et
2178 1902 2482 1968 distinguit:

294 1968 341 2024 Q
558 1969 1073 2019 maehisnotioru
1102 1973 1236 2030 sunt,
1273 1982 1361 2032 ego
1394 1970 1453 2017 de
1485 1968 1599 2018 urbe
1645 1970 1726 2031 ὅτ.
1790 1968 2011 2018 Veteres
2033 1963 2306 2030 editiones,
2326 1973 2483 2020 natm

497 2033 561 2082 ln
582 2033 709 2083 Μαι.
729 2033 903 2084 vatic.
923 2040 980 2083 et
1000 2033 1303 2093 Beroaldus,
1338 2037 1501 2081 nostro
1627 2032 1639 2044 ⁰
1665 2067 1679 2082 .
1744 2032 2101 2097 Recentiores,
2134 2037 2296 2084 noar«
2332 2032 2483 2085 nobis.

287 2095 614 2149 Erotion—6
647 2096 850 2150 Acidal.
870 2112 982 2160 ergo
995 2112 1018 2158 ,-
1049 2096 1186 2162 quod
1207 2095 1411 2162 recepit
1430 2095 1724 2148 Heumann.

1274 2266 1488 2320 NOTAE

307 2465 312 2470 Ι
351 2406 391 2433 ¹·
414 2398 524 2449 Noa
540 2397 726 2462 inopia]
756 2398 1070 2468 Noninopia
1088 2398 1349 2449 hominurn
1424 2399 1546 2451 Jam
1585 2399 1760 2449 studia
1797 2400 1908 2474 ejus
1940 2405 2092 2450 extra
2125 2399 2282 2450 limen
2317 2399 2490 2462 profe·

291 2471 609 2536 idoueorum.
651 2475 769 2524 Non
785 2474 924 2538 quod
941 2473 1106 2525 desint
1123 2474 1349 2523 homines
1427 2474 1591 2524 reuda
1629 2481 1782 2534 sunt3
1823 2475 1938 2538 jam
1993 2476 2487 2538 circumspiciendus

294 2551 383 2618 qui
405 2550 456 2600 id
480 2550 701 2614 possint,
717 2558 808 2600 aut
827 2549 966 2599 forte
986 2550 1146 2599 etiam
1167 2549 1348 2600 velint.
1428 2552 1625 2602 Rhetor
1647 2553 1881 2614 Latinus,
1911 2552 2058 2616 cujus
2091 2553 2275 2603 scholae
2297 2553 2489 2602 severi·

290 2627 398 2677 flod
420 2640 528 2676 mos
560 2627 646 2676 hic
675 2627 852 2676 saeculi
884 2627 1074 2676 invasit
1101 2626 1352 2691 homines,

291 2709 354 2753 nt
375 2702 554 2751 malint
573 2716 688 2751 esse
709 2701 916 2752 desides
935 2719 951 2763 ς
984 2709 1043 2753 ut
1057 2717 1223 2767 neque
1237 2702 1352 2766 jam

291 2777 345 2828 in
380 2778 435 2828 id
473 2777 768 2828 incumbant
795 2778 1039 2841 juvenes,
1061 2784 1150 2828 ant
1172 2791 1352 2842 paren·

292 2860 407 2915 tes3
442 2854 576 2903 unde
596 2860 654 2904 et
672 2853 846 2917 inopia
867 2854 1132 2918 stipendii,
1151 2853 1353 2903 inscitia

291 2928 673 2996 magistrorum,
715 2928 835 2977 dein
880 2937 936 2979 et
966 2928 1155 2978 oblivio
1196 2929 1352 2980 moris

281 3005 515 3070 antiqui.

357 3088 384 3114 ⁸
416 3081 672 3131 ludentia
703 3079 1102 3145 precipiet-tim]
1168 3080 1350 3133 Quint.

291 3171 333 3206 1.
378 3160 426 3207 1.
476 3158 492 3184 ‘
529 3156 611 3205 An
664 3157 953 3220 Philippus,
1005 3155 1352 3207 Macedonum

295 3234 429 3297 Rex,
450 3232 747 3283 Alexandro
772 3232 880 3284 filio
911 3250 1004 3284 suo
1037 3236 1207 3300 prima
1237 3235 1356 3284 lite·

293 3323 468 3359 rarum
497 3310 755 3358 elementa
789 3310 924 3359 tradi
966 3310 1033 3359 ab
1068 3310 1352 3361 Aristotele

297 3400 494 3436 summo
515 3385 624 3448 ejus
647 3384 818 3434 atatis
840 3384 1145 3449 philosopho
1166 3385 1354 3434 voluis·

296 3467 408 3522 set3
441 3469 533 3510 aut
554 3460 644 3509 ille
664 3460 979 3523 suscepisset
998 3461 1093 3510 hoc
1112 3458 1355 3523 officium,

296 3535 340 3585 si
375 3551 478 3585 non
501 3536 782 3586 studiorum
805 3536 955 3586 initia
975 3550 1007 3585 a
1042 3534 1357 3599 perfectissi-

296 3628 383 3668 mo
427 3627 629 3678 quoque
688 3614 922 3673 tractari,
974 3614 1235 3677 pertinere
1287 3612 1354 3662 ad

295 3703 544 3742 summam
564 3690 918 3742 credidisset?

362 3771 387 3797 ⁰
417 3766 496 3815 De
535 3766 786 3815 seueriute
827 3781 883 3818 uc
922 3765 1171 3831 disciplina
1214 3765 1358 3827 mazio.

295 3841 428 3904 ram]
480 3841 650 3893 Quam
701 3842 1032 3894 severitatem
1079 3843 1353 3894 revocabat

277 3931 397 3983 ,pro
418 3916 554 3966 virili
587 3916 825 3980 portione
863 3918 1067 3973 Plinius
1100 3918 1265 3982 Epist.
1287 3931 1352 3972 u.

294 3999 345 4048 8.
379 3994 396 4022 ‘
421 3991 606 4050 Adhuc
624 3994 764 4044 inum
786 3993 994 4058 [filium]
1018 3996 1252 4057 pueritiae
1273 4009 1354 4052 ra·

295 4071 371 4126 tio
394 4070 530 4119 intra
547 4068 940 4119 contubernium
976 4080 1121 4121 tuum
1153 4071 1351 4126 tenuit:

294 4152 652 4214 praceptores
672 4144 812 4193 domi
834 4144 1029 4207 habuit,
1057 4144 1149 4197 uhi
1170 4154 1252 4195 est
1272 4160 1354 4194 er·

297 4218 499 4275 roribus
540 4215 770 4286 modica,
804 4221 889 4273 vel
925 4221 1068 4277 naua
1116 4221 1360 4280 materia.

1430 2635 1533 2691 tas,
1554 2628 1723 2693 pudor
1742 2628 1993 2693 inprimis,
2029 2626 2244 2678 castitas
2265 2633 2490 2681 constet.

1429 2704 1598 2755 Adest
1629 2704 1766 2754 enlm
1804 2704 2122 2755 adolescenti
2156 2710 2335 2756 nostro
2370 2718 2489 2755 cum

1429 2780 1618 2831 ceteris
1660 2787 1861 2830 naturoe
1910 2778 2236 2844 fortuneque
2276 2778 2488 2830 dotibus

1429 2856 1619 2906 eximia
1648 2855 1880 2920 corporis
1918 2855 2277 2919 pulchritud03
2313 2854 2396 2906 cul
2433 2855 2490 2905 in

1429 2934 1529 2984 hoc
1574 2933 1772 2984 lubrico
1814 2933 2005 2996 etatis,
2039 2946 2142 2980 non
2196 2937 2489 2996 praeceptor

1431 3009 1602 3072 modo,
1641 3007 1733 3059 sed
1787 3015 1960 3058 custos
2005 3007 2164 3058 etiam
2207 3013 2487 3073 rectorque

1433 3083 1739 3149 quaerendus
1759 3086 1875 3132 θεῖ)

1494 3166 1524 3200 1²
1564 3159 1807 3222 Nutricis]
1863 3158 2083 3211 Quintil.
2124 3172 2167 3208 1.
2206 3162 2258 3209 1.
2307 3158 2324 3187 ‘
2347 3156 2487 3209 Ante

1431 3236 1620 3299 omnia,
1641 3251 1707 3286 ne
1738 3236 1808 3285 sit
1839 3236 2051 3285 vitiosus
2088 3249 2256 3285 sermo
2276 3236 2492 3286 nutrici-

1431 3312 1564 3375 bus;
1598 3326 1746 3377 quas,
1785 3310 1829 3362 si
1857 3309 1970 3360 fieri
2003 3319 2198 3376 posset,
2231 3311 2491 3375 sapientes

1433 3388 1753 3453 Chrysippus
1793 3389 2025 3451 optavit:
2060 3393 2207 3438 certe
2242 3395 2490 3458 quantum

1434 3478 1520 3513 res
1558 3468 1847 3527 pateretur,
1881 3464 2104 3527 optimas
2145 3464 2267 3527 eligi
2308 3464 2477 3519 voluit

1433 3539 1509 3592 Et
1539 3552 1733 3588 morum
1755 3536 1964 3603 quidem
1993 3538 2047 3586 in
2078 3538 2156 3587 his
2177 3538 2311 3591 haud
2334 3539 2492 3592 dubie

1435 3615 1580 3679 prior
1609 3615 1747 3663 ratio
1783 3621 1894 3664 est:
1937 3621 2078 3664 recte
2121 3622 2296 3666 tamen
2332 3618 2492 3671 etiam

1433 3692 1731 3756 loquantur.
1776 3690 1885 3741 Has
1900 3690 2116 3754 primum
2141 3691 2318 3743 audiet
2334 3708 2491 3756 puor3

1432 3766 1613 3821 harum
1636 3766 1793 3816 verba
1810 3764 2055 3831 effingere
2072 3768 2317 3822 imitando
2330 3783 2493 3834 ,eona-

1432 3842 1609 3899 bitur.'
1673 3844 1792 3900 Jatn
1814 3845 1866 3900 in
1894 3845 1991 3895 hac
2011 3844 2315 3894 educatione
2337 3845 2491 3907 juve·

1432 3932 1554 3972 num
1590 3931 1810 3982 agnosce
1855 3919 2008 3983 plane
2048 3918 2278 3968 ordinem
2321 3915 2490 3981 ipsum

1434 3994 1679 4056 eundern„
1717 4009 1869 4058 quem
1913 3994 2100 4056 tenuit,
2139 3999 2195 4043 et
2229 3993 2491 4045 observari

1433 4070 1676 4137 praecipit
1725 4070 1916 4122 Fabius
1955 4071 2010 4120 in
2053 4070 2285 4121 Institnt.
2322 4077 2489 4122 orato·

1432 4163 1539 4201 rns.

1496 4233 1525 4273 «ι
1552 4224 1651 4280 Sed
1673 4225 1933 4292 gremio-ac
1959 4223 2068 4276 sinu
2098 4221 2290 4289 matris]
2335 4221 2487 4275 Taci-
