3000 4859
957 375 1384 443 anemium,
1428 380 1596 434 osv.
1639 365 1744 432 ll.

2291 370 2476 438 πει
2535 319 2546 329 ’

258 521 901 607 auspicatissimum³
933 523 1190 589 initium
1217 524 1511 591 credunt.
1555 514 1751 591 ‘Nec
1780 525 2075 594 dierum⁰
2097 546 2466 610 numerum,

251 629 324 688 ut
344 643 498 704 nos,
548 627 672 691 sed
703 628 1043 693 noctium?
1070 632 1477 710 computant·
1563 627 1680 693 Sic
1710 630 2133 710 constituunt,
2180 632 2284 697 sic
2313 653 2470 698 con-

262 785 361 836 Nee
379 786 547 838 &aaut
567 805 813 842 mm
834 791 1034 854 dierum,
1066 796 1122 842 ut
1143 792 1370 855 Rom,
1389 793 1471 843 ssd
1488 793 1712 845 noctium.
1778 794 1867 846 Sic
1883 797 2149 860 micant,
2168 797 2242 848 sie
2263 801 2469 864 tempus

1172 935 1412 957 MNO
1416 936 1531 958 “n

251 1044 414 1097 Vstic.
436 1050 496 1098 et
517 1046 838 1099 editionibus
854 1046 1143 1112 veteribus,
1163 1047 1452 1101 incidie—s
1483 1050 1573 1102 Sic
1589 1051 1720 1103 bene
1740 1051 2046 1107 Beroaldus.
2111 1052 2184 1110 Ῑιι,
2198 1054 2465 1114 veteribus

1250 1221 1466 1274 NOTAE

317 1329 433 1380 cm
453 1335 539 1381 eut
562 1330 818 1383 ιἰιεΙιοιιιιη·
836 1329 978 1398 lune]
1011 1333 1097 1384 Sic
1119 1339 1177 1384 et
1194 1324 1318 1385 olim

252 1404 520 1471 Spartani:
559 1408 641 1457 sic
675 1417 734 1459 et
769 1423 946 1460 omnes
985 1407 1163 1475 populi
1196 1424 1318 1460 sues

256 1483 461 1548 quisque
517 1484 918 1535 observationes
963 1486 1172 1549 babent,
1228 1492 1321 1535 aut

252 1557 647 1620 superstitiones
696 1560 1071 1626 opinionesque
1116 1560 1318 1610 dierum

255 1631 471 1684 felicium
532 1641 633 1684 aut
658 1641 667 1648 ‘
691 1634 997 1687 infelicium.
1082 1637 1319 1689 Frontin.

252 1721 310 1759 ιι.
332 1713 376 1759 1.
407 1708 424 1738 ‘
448 1710 510 1761 C.
539 1711 720 1761 eam
741 1712 796 1762 in
820 1712 1009 1776 Gellia,
1039 1713 1161 1778 quis
1181 1728 1319 1764 com·

252 1791 446 1848 peretot
469 1786 749 1837 Ariovisto
783 1787 1161 1839 Germanorum
1183 1788 1316 1854 Regi

256 1860 570 1924 institutum,
608 1869 666 1912 et
688 1863 835 1928 qussi
866 1864 1035 1928 legem
1054 1864 1321 1928 militibus,

252 1953 345 1992 non
365 1942 643 2007 pugnandi
662 1942 1002 1994 decrescente
1042 1944 1177 2007 lune,
1208 1950 1320 1994 tum

250 2020 576 2082 potissimum
599 2020 715 2069 scie
739 2019 1027 2084 commissa,
1045 2019 1322 2086 impeditos

252 2095 490 2160 religione
516 2097 698 2146 hostes
719 2096 883 2147 vicit?

307 2179 333 2205 ⁹
367 2173 467 2222 Neo
486 2173 705 2236 dimus]
744 2172 895 2222 More
932 2170 1314 2234 Hebraeomm3

255 2250 334 2313 qui
352 2248 470 2299 inde
488 2250 607 2298 dies
624 2250 783 2299 etiem
802 2250 937 2298 lunas
952 2249 1314 2313 appellebant:

256 2332 313 2376 ut
327 2326 378 2375 in
391 2325 591 2389 lisura,
610 2326 628 2354 ‘
644 2326 819 2378 sosias
842 2325 1125 2376 immolavit
1145 2325 1320 2377 Pbase

254 2400 644 2465 quartadecima
657 2402 778 2451 luna
791 2402 941 2466 primi
954 2401 1181 2452 mensis-³
1226 2402 1276 2453 N
1281 2403 1320 2452 i·

255 2478 419 2527 eolsus
476 2478 845 2528 Damascenns
910 2477 977 2527 de
1046 2477 1318 2529 Numidis:

253 2555 269 2582 ‘
292 2555 409 2605 Non
441 2556 634 2607 diebus
658 2554 752 2603 sed
785 2553 1025 2604 noctibus
1070 2552 1171 2618 ipsi
1193 2560 1323 2605 tem-

258 2641 377 2694 pora
415 2630 768 2696 computent!
857 2632 935 2680 Ει
977 2645 1135 2681 causa
1187 2629 1325 2683 festa

253 2721 457 2775 quoque
476 2707 716 2759 noctibus
733 2705 1323 2761 celebrabant.'1'acitus

262 2783 454 2834 Annal-
476 2785 512 2834 l.
538 2789 589 2834 1.

312 2865 341 2901 Ρ
370 2861 473 2911 Sed
502 2858 739 2922 nodam]
786 2858 941 2908 Prior
974 2865 1030 2909 et
1063 2857 1327 2924 antiquior

256 2945 353 2985 nox
368 2938 486 2986 visa
499 2943 583 2986 est
598 2935 783 3000 priscis
800 2936 1120 2987 mortalibus.
1162 2935 1323 2987 Ovid.

258 3012 665 3076 Ltietamorpb.
686 3015 777 3061 1.ι
796 3011 984 3063 Nullus
996 3012 1164 3062 adhuc
1180 3026 1324 3061 mun·

255 3086 321 3137 do
344 3087 619 3152 praebebat
640 3086 837 3137 lumina
852 3086 1029 3146 Titan,
1053 3088 1170 3137 Nec
1191 3102 1326 3136 nova

257 3162 539 3214 crescendo
562 3161 846 3226 reparabat
874 3176 1064 3213 cornua
1093 3162 1326 3214 Phoebe:

260 3236 476 3289 Hesiod.
525 3238 580 3287 in
622 3237 959 3303 Theogonis:
1012 3238 1031 3267 ⁸
1056 3240 1137 3288 Ex
1183 3238 1324 3289 Chao

258 3316 562 3381 Erebusque
584 3321 642 3366 et
674 3317 821 3380 nigre
851 3331 957 3367 nox
979 3315 1139 3381 geniti
1173 3322 1324 3366 suut:

259 3395 335 3445 Ex
354 3403 515 3445 nocte
538 3408 694 3457 porro
717 3393 984 3459 aetherque
1003 3399 1061 3443 et
1078 3393 1190 3443 dies
1211 3408 1326 3458 pro·

259 3470 421 3520 creati
444 3467 611 3520 sunt)
675 3468 725 3518 A
750 3476 905 3518 nocte
927 3468 1104 3532 igitur,
1126 3474 1185 3518 ut
1209 3483 1326 3534 quae

259 3549 513 3611 tenpore,
575 3554 821 3610 tauquam
864 3544 1043 3595 babitu
1105 3544 1328 3608 privato,

258 3623 399 3687 prior
411 3624 502 3686 sit,
523 3621 829 3672 numerandi
852 3621 1100 3685 temporis
1122 3621 1327 3671 initium

258 3714 463 3749 sumere
502 3698 759 3749 Germani
797 3698 1088 3747 voluerunt.
1156 3696 1327 3747 Aliam

258 3787 467 3825 censam
506 3772 665 3823 effert
699 3774 880 3823 Caesar
913 3772 946 3821 1.
973 3785 1048 3822 vt.
1086 3772 1151 3821 de
1193 3772 1329 3820 bello

258 3849 403 3900 Gan.
425 3864 475 3899 c.
497 3852 578 3898 18.
593 3848 730 3914 qnod
756 3849 869 3897 scil.
892 3863 922 3896 ι
942 3849 1068 3898 Dite
1086 3849 1330 3899 oriundos

260 3924 557 3976 Germanos
570 3925 722 3974 simul
741 3930 898 3988 etque
913 3925 1114 3986 Gallos,
1127 3940 1157 3974 ι
1170 3926 1331 3974 Drui-

258 4000 410 4052 dibus
444 4002 704 4051 memoriae
740 3999 1002 4063 proditum
1037 4001 1137 4052 sit.
1124 4019 1137 4032 ·
1175 4016 1330 4066 quan-

258 4093 411 4143 qum
433 4078 485 4128 id
524 4078 641 4128 vitii
682 4079 823 4126 inest
859 4078 910 4126 in
950 4079 1048 4128 bac
1074 4091 1332 4127 assevera-

1398 1333 1555 1387 Erebi
1574 1336 1844 1401 noctisque
1856 1338 2023 1402 Deus,
2037 1336 2131 1387 sed
2145 1351 2176 1388 ι
2190 1337 2467 1408 Tuiscone,

1398 1412 1509 1463 sive
1554 1412 1812 1477 Teutone,
1869 1414 1956 1477 qui
1997 1414 2291 1465 mortalium
2336 1419 2470 1468 unti-

1399 1488 1673 1553 quissimus
1711 1490 2004 1553 appellutur
2050 1489 2218 1555 neat,
2244 1491 2346 1554 Tic,
2382 1489 2467 1542 vel

1399 1563 1535 1628 Mt,
1575 1562 1829 1640 originem
1871 1572 2159 1617 traxerunt.
2224 1566 2328 1618 Sed
2367 1581 2470 1620 nec

1398 1629 1676 1690 Germun'is
1693 1641 1867 1702 modo,
1889 1641 1982 1691 sed
1996 1642 2151 1692 etiam
2170 1642 2333 1692 Gallis
2351 1642 2468 1698 haec

1399 1718 1534 1768 ratio
1548 1716 1914 1781 computandi
1901 1732 1952 1768 m
1969 1732 2065 1767 usu
2078 1716 2198 1768 fuit.
2215 1717 2471 1785 Idemque

1399 1781 1658 1843 affirmant
1678 1787 1917 1843 auctores
1945 1793 2011 1843 de
2045 1793 2469 1862 Atheniensibus,

1400 1876 1457 1919 et
1499 1869 1564 1918 de
1609 1869 1868 1921 Numidis.
1950 1869 2107 1935 Isque
2148 1885 2259 1920 mos
2300 1871 2469 1924 adhuc

1401 1945 1556 1996 durat
1577 1945 1715 2011 apud
1739 1944 1959 2011 Anglos,
1992 1952 2131 1998 teste
2164 1947 2469 2000 cambdeno

1400 2022 1453 2071 in
1478 2022 1684 2072 Britan.
1703 2037 1824 2086 pag.
1849 2026 1928 2072 12.
1962 2023 2319 2087 Bermggerus.

1465 2097 1565 2147 Sed
1584 2097 1812 2162 noctium]
1844 2098 2006 2148 Forte
2029 2097 2071 2148 is
2098 2114 2207 2149 mos
2230 2106 2376 2150 ortus
2398 2115 2469 2152 ex

1399 2172 1551 2224 festis
1603 2189 1665 2224 sc
1719 2173 2114 2226 celebritatibus
2168 2181 2226 2226 et
2280 2176 2469 2241 epulis,

1399 2266 1526 2316 ques
1548 2257 1706 2301 noctu
1728 2266 1869 2315 saepe
1886 2252 2217 2301 celebravere
2238 2252 2291 2301 iu
2311 2252 2473 2316 sylvis

1402 2326 1602 2392 antiqui
1639 2328 1928 2378 Germani:
1980 2328 2061 2376 vel
2099 2328 2152 2378 id
2193 2333 2363 2378 ortum
2402 2343 2470 2380 ex

1398 2400 1517 2466 ipsa
1537 2410 1724 2453 ustura
1746 2415 1937 2461 rerum,
1972 2410 2027 2452 et
2059 2408 2129 2452 'ex
2151 2402 2306 2453 modo
2327 2405 2471 2468 cogi·

1402 2476 1566 2527 tundi.
1632 2478 1772 2527 Nam
1806 2483 1952 2528 certe
1989 2479 2031 2527 si
2066 2478 2180 2544 quis
2216 2480 2470 2530 attentius

1403 2552 1458 2602 id
1479 2551 1794 2615 consideret,
1816 2559 1872 2602 et
1887 2552 2099 2603 modum
2121 2568 2221 2616 quo
2244 2568 2326 2605 res
2348 2569 2470 2605 con-

1402 2627 1638 2693 cipimus,
1672 2635 1787 2678 ιιι-ιι
1817 2629 1925 2692 lux,
1959 2635 2082 2679 natu
2115 2628 2226 2679 dies
2262 2629 2471 2681 videtur

1401 2721 1468 2756 ex
1485 2707 1626 2756 Chao
1642 2714 1699 2757 et
1722 2708 1968 2771 tenebris,
1983 2715 2039 2759 et
2057 2708 2203 2759 velut
2217 2724 2284 2759 ex
2296 2715 2468 2761 nocte.

1400 2781 1490 2831 Sic
1514 2790 1811 2846 reputamus
1844 2784 2049 2834 initium
2071 2799 2262 2847 rerum,
2292 2784 2365 2834 sic
2388 2799 2473 2834 co-

1406 2857 1650 2920 gitamus,
1684 2857 1759 2906 sic
1782 2871 1838 2905 se
1873 2870 1956 2905 res
1990 2857 2173 2921 objicit
2208 2857 2388 2922 captui
2412 2864 2472 2908 et

1404 2932 1587 2982 animis
1630 2933 1843 2995 uostris,
1887 2932 2120 2996 quumvis
2163 2947 2264 2981 non
2302 2933 2473 2998 possit

1404 3006 1509 3056 dici
1531 3021 1652 3057 vera
1673 3020 1794 3067 nox,
1829 3006 1929 3056 nisi
1952 3022 2069 3056 cum
2091 3009 2360 3070 precessit
2378 3010 2472 3059 lux

1404 3089 1494 3133 uut
1506 3082 1616 3132 dies
1631 3098 1644 3132 ι
1670 3081 1861 3147 quippe
1871 3097 2041 3148 neque
2053 3092 2228 3148 potest
2240 3086 2474 3151 cogitari,

1405 3167 1497 3210 sut
1519 3160 1728 3224 proprie
1761 3160 2018 3232 appellari
2049 3175 2174 3224 nox,
2211 3161 2312 3212 nisi
2346 3171 2472 3212 ente

1406 3237 1621 3301 cognita
1643 3237 1730 3286 lux
1753 3237 1839 3288 sit.
1905 3237 2043 3287 Nam
2067 3237 2183 3302 quis
2204 3238 2473 3303 concipiat

1405 3327 1580 3363 veram
1604 3319 1829 3375 noctem,
1864 3313 1964 3362 nisi
1997 3315 2304 3379 conceperit
2327 3321 2471 3377 ante,

1405 3398 1463 3439 et
1487 3390 1597 3454 jum
1639 3389 1945 3454 cognoverit
1987 3389 2188 3439 lucem?
2234 3389 2475 3457 Ideoque

1406 3480 1559 3516 sacra
1597 3467 1860 3528 scripture
1896 3467 2156 3528 expressit
2195 3467 2474 3516 humanum

1406 3541 1673 3606 cogitandi
1694 3549 1752 3591 et
1788 3541 2116 3606 concipiendi
2153 3541 2363 3593 modum
2391 3543 2475 3593 his

1407 3618 1609 3668 verbis:
1644 3619 1661 3646 ⁴
1688 3617 2006 3684 Factumque
2046 3627 2128 3668 est
2163 3633 2384 3685 vespere
2417 3627 2477 3671 et

1408 3707 1581 3752 mane,
1601 3693 1713 3742 dies
1736 3692 1904 3743 uuus!
1971 3694 2104 3744 Nam
2122 3696 2237 3760 quis
2261 3696 2474 3761 proprie

1410 3771 1673 3834 concipiat
1692 3783 1847 3832 mane,
1881 3770 1980 3820 nisi
2007 3772 2335 3835 praecesserit
2367 3783 2475 3821 nox

1406 3862 1497 3897 seu
1521 3848 1774 3911 vespera?

1472 3924 1579 3974 Sed
1604 3932 1749 3973 certe
1785 3938 1851 3973 es
1888 3938 2009 3987 nox,
2047 3939 2165 3989 quae
2205 3923 2477 3989 praecessit

1411 4002 1629 4065 primum
1653 4016 1807 4063 mune,
1839 4015 1941 4050 ιιοιι
1974 4000 2077 4051 fuit
2098 4014 2221 4050 veru
2257 4014 2384 4061 nox,
2415 4003 2478 4048 ut

1411 4079 1727 4143 concipimus
1743 4086 1971 4143 noctem,
1978 4076 2066 4126 sed
2081 4090 2277 4125 merum
2289 4075 2478 4140 Chaos,

260 4155 423 4216 tione,
463 4154 604 4219 quod
638 4154 889 4204 Germani
920 4169 1043 4217 non,
1075 4161 1133 4204 ut
1157 4153 1334 4204 emar
1413 4149 1671 4219 confusio,
1693 4155 1867 4204 nihils·
1888 4169 1954 4205 ex
1985 4167 2087 4219 quo
2115 4150 2277 4202 nihilo
2300 4156 2477 4201 tumen

264 4229 550 4295 existimet,
568 4231 638 4281 ab
660 4230 753 4281 illo
775 4230 923 4294 Dite,
943 4232 1032 4298 qui
1053 4230 1212 4284 Pluto
1234 4239 1334 4294 est,
1415 4231 1608 4283 eductu
1629 4231 1719 4281 lux
1751 4229 2064 4296 concipitur,
2098 4231 2155 4277 et
2186 4221 2367 4275 cetere
2388 4239 2479 4277 na·

393 4311 567 4378 napa.
588 4315 639 4362 et
666 4311 782 4364 Ver.
799 4310 930 4363 Clas.

1295 4310 1451 4364 Τααὶε.

2231 4305 2347 4357 oY
