3000 4859
1329 368 1426 416 DE
1473 365 1953 418 ORATomnus

1524 610 1574 660 N
1582 606 1736 658 0¹1·AE

536 720 674 769 lione
725 720 974 782 inventio,
1023 735 1214 772 summa
1273 722 1587 784 diligentia:

537 795 668 846 adeo
691 804 748 845 ut
772 796 1070 861 quibusdam
1096 799 1252 856 etiam
1276 797 1431 846 nimia
1455 799 1593 845 vide·

537 878 693 922 atur:
730 881 785 923 et
825 874 1022 921 consilii
1065 879 1116 921 et
1164 873 1314 922 animi
1356 873 1516 921 satis:
1562 889 1593 921 a

535 947 712 996 nitore
751 955 806 996 et
841 947 1171 1008 jucunditate
1218 947 1482 996 Ciceronis
1516 947 1592 995 ita

535 1023 689 1086 longe
711 1023 876 1081 abest,
901 1031 957 1072 ut
1001 1023 1158 1071 videri
1197 1024 1360 1085 possit
1397 1024 1590 1072 saeculo

536 1099 712 1161 prior!
778 1098 909 1146 ibid.
941 1098 1055 1147 ‘At
1103 1100 1326 1148 Messala
1377 1100 1592 1162 nitidus,

535 1181 593 1224 et
614 1174 833 1238 quodam
867 1175 1019 1223 modo
1045 1191 1148 1238 pra=
1173 1191 1226 1224 se
1251 1176 1423 1225 ferens
1447 1178 1496 1225 in
1522 1177 1596 1224 di·

537 1251 702 1300 ceudo
726 1252 1051 1300 nobilitatem
1075 1265 1233 1311 suain,
1251 1252 1399 1317 [quia
1421 1253 1592 1301 sexies

536 1327 716 1375 consul
754 1334 844 1375 ant
884 1335 1101 1388 propter
1146 1330 1327 1376 multas
1381 1342 1588 1377 avorum

534 1400 808 1465 imagines]
833 1402 1023 1451 viribus
1049 1418 1171 1451 vero
1194 1402 1395 1452 minor.'
1456 1402 1592 1451 Ibid.

533 1477 550 1505 ⁶
578 1477 638 1527 C.
661 1491 785 1526 vero
808 1477 1000 1538 caesar,
1035 1479 1077 1525 si
1119 1477 1232 1528 foro
1267 1485 1466 1528 tautum
1507 1492 1593 1526 va-

535 1559 728 1615 casset,
770 1568 871 1602 nou
914 1553 1043 1601 alius
1086 1569 1152 1603 ex
1191 1555 1382 1603 nostris
1410 1561 1592 1603 contra

538 1626 839 1677 Ciceronem
877 1628 1247 1689 nominaretur,
1271 1636 1416 1678 tauta
1455 1629 1507 1677 in
1531 1643 1594 1678 eo

537 1702 615 1750 vis
637 1710 738 1765 est,
762 1703 813 1751 id
852 1716 1088 1764 acumen,
1112 1719 1177 1752 ea
1215 1704 1513 1762 concitatio,
1537 1712 1595 1752 ut

537 1779 678 1829 illum
699 1779 880 1828 eodem
906 1779 1071 1828 auimo
1093 1779 1414 1843 dixisse,qno
1439 1778 1598 1828 bella-

537 1854 631 1916 vit,
668 1860 954 1918 appareat:
1004 1861 1220 1903 exornat
1264 1861 1438 1903 tamen
1479 1853 1592 1903 haec

537 1930 707 1979 omnia
739 1930 865 1978 mira
904 1930 1168 1990 sermonis,
1207 1929 1352 1992 cujus
1386 1930 1596 1992 proprie

537 2005 795 2055 studiosus
833 2003 954 2065 fuit,
1000 2004 1297 2068 elegantia!
1362 2004 1510 2054 Idem
1555 2005 1594 2054 1.

537 2093 601 2130 ιι.
645 2085 688 2130 1.
740 2081 873 2131 ‘Est
912 2080 1049 2144 quod
1094 2081 1352 2143 principes
1390 2080 1597 2142 deceat,

535 2156 650 2204 aliis
685 2170 783 2204 non
815 2155 1149 2203 concesseris.
1214 2154 1593 2216 Imperatorum

537 2244 599 2280 ac
623 2228 1004 2293 triumphalium
1041 2234 1283 2292 separata
1321 2234 1401 2277 est
1421 2228 1598 2293 aliqua

539 2320 605 2354 ex
659 2310 809 2368 parte
863 2305 997 2353 ratio
1055 2303 1404 2366 eloquentiae:
1458 2304 1597 2354 sicut

538 2380 821 2444 Pompeius
877 2379 1080 2429 abunde
1136 2379 1358 2428 disertus
1419 2394 1596 2429 rerum

539 2470 746 2506 suarum
767 2455 1069 2505 enarrator!
1119 2455 1187 2504 Et
1209 2456 1243 2504 l.
1267 2467 1368 2504 ιιι.
1390 2459 1442 2505 6.
1460 2455 1474 2483 ⁸
1491 2457 1597 2505 Ne·

541 2548 643 2598 que
666 2547 763 2596 ego
786 2545 948 2581 anuos
972 2530 1358 2591 definiam‚cum
1375 2532 1598 2581 Demos·

541 2610 750 2658 thenem
795 2621 1010 2671 puerum
1053 2605 1326 2656 admodum
1367 2607 1596 2657 actiones

542 2686 820 2750 pupillares
858 2683 1093 2733 habuisse
1130 2681 1457 2732 manifestum
1492 2684 1594 2733 sitz

542 2761 757 2822 Calvus,
778 2761 969 2822 Caesar,
999 2759 1185 2822 Pollio,
1219 2760 1436 2809 multum
1476 2766 1597 2809 ante

541 2840 871 2904 quaestoriam
912 2851 1088 2886 omues
1140 2842 1352 2885 aetatem
1394 2836 1598 2899 judicia

541 2914 864 2975 susceperint
883 2929 896 2961 :
918 2919 1255 2975 praetextatos
1271 2911 1438 2975 egisse
1453 2926 1600 2976 quos-

539 2988 658 3036 dam
699 2988 769 3036 sit
806 2988 1085 3036 traditum:
1121 2989 1299 3037 caesar
1334 2986 1600 3050 Angustus

543 3061 819 3112 duodecim
843 3077 1000 3112 annos
1022 3064 1366 3124 uatus,aviam
1387 3076 1481 3126 pro
1495 3076 1601 3113 ros·

543 3137 636 3187 tris
659 3137 982 3188 laudaverit!
1031 3139 1117 3187 Sic
1138 3147 1196 3186 et
1216 3139 1360 3187 Diui.
1380 3152 1428 3187 c.
1451 3142 1533 3187 84.

609 3214 836 3263 Multum
877 3214 1066 3278 ingenii
1099 3213 1151 3262 in
1176 3214 1354 3277 Coelio,
1375 3222 1431 3262 et
1469 3227 1598 3278 proe-

541 3290 694 3353 cipue
729 3290 780 3338 in
823 3289 1114 3338 accusando
1135 3290 1298 3337 multa
1319 3288 1600 3350 urbanitas,

541 3364 827 3428 dignusque
849 3364 965 3423 vit-3
996 3365 1080 3414 cui
1124 3371 1180 3413 et
1216 3378 1360 3413 meus
1399 3365 1600 3429 melior,

539 3446 596 3489 et
615 3441 728 3490 vita
768 3442 968 3504 longior
1005 3441 1329 3504 contigisset.
1398 3441 1598 3506 Inveni,

539 3515 628 3580 qui
681 3516 895 3564 Calvum
956 3514 1269 3579 pra-ferrent
1326 3516 1595 3577 omuibus3

539 3592 739 3651 iuveni,
780 3592 867 3654 qui
892 3592 1127 3641 Ciceroni
1165 3592 1440 3640 crederent
1475 3605 1594 3641 eum

541 3667 696 3716 nimis
718 3675 900 3716 contra
922 3682 978 3716 se
1002 3668 1261 3721 calumnia
1285 3681 1461 3716 verum
1485 3681 1600 3716 san-

541 3742 744 3806 guinem
771 3743 1072 3805 perdidisse.
1112 3743 1218 3792 Sed
1241 3752 1321 3793 est
1344 3751 1526 3793 sanctu
1545 3750 1598 3792 et

541 3818 710 3881 gravis
754 3821 942 3875 oratiu,¹
980 3827 1032 3867 et
1079 3821 1353 3884 castigata,
1401 3827 1456 3867 et
1495 3819 1599 3868 fre-

539 3901 763 3958 quenter
786 3896 1060 3943 vehemens
1083 3909 1304 3958 quoque.
1361 3894 1600 3943 Imitator

540 3974 620 4018 est
655 3977 827 4018 autem
869 3972 1197 4018 Atticorum:
1253 3969 1482 4032 fecitque
1525 3970 1600 4018 illi

540 4053 823 4106 properata
858 4057 995 4091 mors
1031 4045 1283 4108 iujuriam,
1305 4044 1345 4091 si
1369 4044 1492 4108 quid
1515 4043 1603 4092 ud-

533 4119 791 4181 jecturus‚
806 4133 909 4167 uon
932 4120 975 4168 si
1000 4119 1124 4184 quid
1139 4120 1463 4169 detracturus
1481 4119 1601 4171 fuit.

543 4191 733 4259 Multa,
752 4194 796 4244 si
830 4209 943 4244 cum
975 4195 1177 4259 judicio
1211 4197 1430 4260 legatur,
1447 4195 1601 4245 dabit

1672 717 1959 769 imitatione
1971 715 2125 779 digna
2136 713 2343 764 Cassius
2356 713 2603 774 Severum
2622 716 2738 780 qui,

1673 796 1716 845 si
1741 794 1929 844 ceteris
1946 793 2080 841 virtu
2089 792 2227 840 tibus
2247 790 2470 840 colorem
2490 797 2547 839 et
2567 792 2738 853 gravi-

1675 877 1834 920 tatem
1860 868 2101 917 orationis
2139 865 2430 931 adjecisset,
2466 866 2739 928 ponendus

1672 947 1807 996 iuter
1823 943 2114 1008 praecipuos
2132 941 2288 992 foret.
2311 941 2445 991 Nam
2460 950 2517 990 et
2538 941 2738 1003 ingenii

1673 1022 1946 1085 plurimum
1971 1020 2023 1066 iu
2041 1033 2123 1078 eo,
2159 1025 2214 1067 et
2242 1017 2500 1066 acerbitas
2522 1017 2655 1065 mira
2676 1022 2739 1064 et

1673 1097 1939 1146 urbanitas
1989 1103 2045 1143 et
2075 1095 2153 1142 vis
2205 1108 2432 1142 summa:
2467 1094 2560 1143 sed
2614 1094 2737 1155 plus

1671 1172 1936 1222 stomacho
1960 1185 2111 1235 quam
2134 1169 2346 1218 consilio
2384 1168 2528 1217 dedit
2552 1186 2564 1217 ε
2602 1183 2739 1230 prte-

1674 1257 1817 1299 terca
1856 1256 1914 1296 ut
1955 1247 2115 1296 amari
2153 1247 2309 1306 sales,
2330 1244 2406 1294 ita
2426 1242 2737 1308 frequenter

1674 1323 1963 1372 amaritudo
1986 1323 2097 1384 ipsa
2123 1322 2337 1370 ridicula
2359 1319 2477 1370 est.'
2696 1327 2699 1330 ’

1738 1400 1885 1450 Idem
1910 1399 2089 1449 Quint.
2125 1399 2160 1446 l.
2184 1410 2240 1446 x.
2275 1402 2320 1447 1.
2355 1398 2371 1423 ⁴
2394 1397 2583 1446 Eorum
2607 1409 2739 1462 quos

1674 1478 1908 1540 viderim,
1949 1475 2209 1525 Domitius
2235 1473 2362 1522 Afer
2396 1483 2452 1523 et
2473 1474 2645 1524 Julius
2666 1473 2744 1521 A·

1675 1554 1898 1604 frit-auus
1938 1554 2093 1616 longe
2128 1550 2554 1616 prestantissimi.
2607 1550 2743 1598 Ver-

1676 1629 1856 1679 borum
1878 1637 1991 1678 arte
2015 1629 2102 1677 ille
2126 1636 2180 1677 et
2203 1634 2316 1676 toto
2348 1640 2537 1688 genere
2560 1625 2741 1675 dicen-

1676 1706 1726 1754 di
1756 1704 2134 1768 preferendus,
2156 1710 2210 1752 et
2234 1717 2386 1767 quem
2428 1702 2478 1749 iu
2521 1714 2741 1751 numero

1676 1789 1911 1831 veterum
1936 1779 2127 1828 habere
2151 1792 2251 1830 non
2270 1779 2479 1828 timeas:
2513 1778 2599 1826 liic
2619 1793 2739 1828 cou-

1676 1856 1902 1917 citatior,
1925 1855 2015 1904 sed
2056 1855 2106 1903 in
2139 1853 2553 1903 curaverborum
2592 1853 2742 1902 nimi·

1677 1946 1772 1990 us;
1827 1936 1883 1979 et
1939 1928 2317 1992 compositione
2366 1941 2737 1990 nonuunquam

1676 2006 1963 2068 longior,et
1988 2004 2407 2055 translationibus
2432 2018 2615 2068 parum
2634 2018 2741 2053 mo·

1676 2079 1855 2130 dicus.'
1920 2079 2069 2129 Idem
2115 2080 2150 2127 l.
2191 2091 2292 2128 xri.
2337 2083 2416 2127 11.
2450 2078 2609 2128 ‘Vidi
2644 2094 2738 2143 ego

1675 2157 1830 2218 longe
1854 2154 2098 2216 omnium,
2132 2168 2260 2217 quos
2282 2153 2405 2202 mihi
2425 2168 2740 2217 cognoscere

1675 2230 1916 2294 contigit,
1959 2243 2209 2279 summum
2231 2239 2490 2279 oratorem
2514 2231 2743 2283 Domiti-

1674 2322 1760 2358 um
1798 2304 2000 2369 Afrum,
2041 2306 2193 2354 valde
2258 2320 2449 2365 senem,
2503 2307 2740 2370 quotidie

1675 2381 1872 2446 aliquid
1894 2395 1959 2429 ex
1981 2396 2045 2430 ea
2066 2395 2219 2444 quam
2247 2390 2529 2442 meruerat,
2563 2389 2743 2433 aucto·

1678 2459 1837 2507 ritate
1881 2456 2204 2521 perdentem,
2244 2471 2357 2506 cum
2403 2464 2592 2519 agente
2630 2457 2741 2521 illo,

1677 2547 1829 2597 quem
1854 2532 2143 2597 principem
2173 2530 2334 2580 fuisse
2358 2532 2614 2594 quondam
2637 2530 2741 2582 fori

1674 2623 1773 2658 non
1818 2615 1938 2658 erat
1961 2606 2207 2666 dubium;
2241 2608 2530 2672 alii,(quod
2571 2607 2740 2672 iudig-

1673 2701 1795 2736 num
1824 2685 2121 2746 videbatur)
2142 2686 2393 2745 riderent,
2416 2686 2501 2734 alii
2531 2685 2741 2736 erubes-

1669 2767 1885 2811 cerent:
1921 2776 2033 2826 quae
2057 2762 2260 2810 occasio
2282 2761 2381 2810 illis
2401 2760 2499 2810 fuit
2513 2761 2744 2825 dicendi,

1676 2836 1831 2885 malle
1854 2850 1971 2885 eum
1995 2833 2240 2899 deficere,
2258 2851 2406 2902 quam
2430 2835 2705 2886 desciuere?

1743 2911 1829 2960 Sic
1873 2918 1929 2961 et
1974 2913 2011 2961 l.
2054 2925 2107 2960 x.
2153 2916 2199 2961 1.
2231 2903 2249 2939 ¹
2279 2911 2460 2960 Vibius
2505 2912 2739 2975 Crispus,

1676 2987 2006 3049 compositus,
2035 2993 2091 3036 et
2120 2986 2401 3051 jucundus,
2416 2994 2477 3036 'et
2494 2987 2738 3037 ‘delecta-

1679 3060 1807 3111 tioni
1861 3067 2031 3121 natus,
2083 3061 2295 3124 privatis
2338 3069 2513 3110 tamen
2566 3061 2737 3111 causis

1628 3163 1639 3174 ·
1680 3152 1833 3203 quam
1857 3139 2076 3202 publicis
2096 3140 2294 3188 melior.
2336 3139 2476 3191 Julio
2499 3138 2740 3189 Secundo

1678 3214 1724 3262 si
1762 3214 1961 3277 longior
1995 3215 2296 3278 contigisset
2338 3221 2480 3274 tutan,
2520 3213 2741 3263 clarissi-

1680 3303 1818 3338 mum
1856 3287 2098 3353 profecto
2131 3305 2317 3339 nomen
2343 3291 2565 3339 oratoris
2597 3287 2741 3354 apud

1678 3371 1915 3428 posteros
1935 3365 2089 3417 foret.
2157 3367 2449 3430 Adjecisset
2479 3368 2639 3429 enim,
2660 3371 2739 3416 at·

1674 3456 1775 3506 qne
1798 3441 2076 3504 adjiciebat
2097 3445 2289 3493 ceteris
2312 3443 2486 3492 virtuti
2495 3442 2588 3492 bus
2612 3444 2739 3505 suis,

1676 3518 1813 3580 quod
1837 3517 2122 3566 desiderari
2162 3528 2351 3581 potest.
2420 3518 2483 3567 Id
2525 3524 2737 3580 esum-

1677 3599 1803 3654 tem,
1838 3599 1895 3641 ut
1933 3600 2074 3642 esset
2108 3594 2274 3642 multo
2308 3593 2467 3654 magis
2506 3605 2737 3658 pugnax,

1680 3674 1737 3716 et
1756 3668 1940 3730 saepius
1961 3668 2028 3717 ad
2060 3683 2234 3717 curam
2275 3682 2439 3717 rerum
2476 3668 2541 3717 ab
2565 3669 2740 3718 elocu-

1680 3743 1820 3791 tione
1846 3744 2147 3807 respiceret.
2214 3743 2453 3792 Ceterum
2479 3744 2739 3808 intercep-

1680 3825 1765 3867 tus
1789 3834 1989 3883 quoque
2013 3831 2249 3882 magnum
2272 3819 2370 3866 sibi
2393 3819 2624 3868 vindicat
2662 3821 2738 3868 lo·

1680 3909 1816 3944 cum.
1875 3895 1952 3942 Ea
1973 3906 2048 3942 est
2070 3893 2327 3952 facundia,
2350 3895 2399 3941 iu
2424 3895 2739 3958 explicando

1681 3970 1816 4033 quod
1838 3971 1963 4018 velit
1988 3970 2185 4033 gratiaz
2223 3979 2324 4017 tani
2364 3969 2638 4017 candidum
2679 3977 2741 4019 et

1685 4047 1798 4093 lene
1844 4055 1899 4094 et
1941 4044 2227 4108 speciosum
2250 4043 2475 4092 'dicendi
2532 4058 2737 4108 genus:

1644 4163 1648 4166 Α
1682 4127 1828 4170 tanta
1851 4120 2123 4169 verborum
2159 4120 2316 4168 etiam
2356 4133 2470 4183 quae
2509 4126 2741 4169 assumta

1678 4202 1818 4261 sunt,
1839 4194 2160 4259 proprietas:
2184 4200 2335 4244 tanta
2355 4193 2408 4243 in
2429 4192 2743 4259 quibusdam
