3000 4859
1241 369 1307 420 G·
1349 365 1711 417 CORNELII
1755 365 2011 416 TAGm

540 525 885 588 memmi
971 513 1213 579 virtus
1270 529 1467 594 pono
1521 528 1603 573 ao
1659 507 1912 572 remon
1973 505 2423 591 subjectorum
2479 461 2747 586 ing-rata

539 617 1050 702 imperantibus:
1092 619 1160 679 et
1200 613 1646 695 longinquitas
1690 627 1771 672 ac
1813 613 2190 672 secretum*
2215 608 2445 692 ipsum
2473 624 2612 689 quo
2639 609 2745 668 tu-

539 810 734 847 vemur.
798 797 1042 846 Ceterum
1064 795 1313 846 fortitudo
1339 800 1497 859 atque
1520 791 1740 842 audacia
1760 789 2084 838 subditorum
2116 788 2286 837 invisa
2322 763 2740 835 dominantibus}

542 869 601 912 et
620 874 854 912 recessus
870 860 1110 927 sinusque
1123 861 1237 925 ipse
1256 874 1357 925 qno
1374 857 1630 920 securior,
1639 869 1704 905 eo
1720 853 2008 920 suspectior
2020 858 2107 902 est.
2156 852 2262 915 Sic,
2274 849 2483 900 ademta
2499 862 2595 912 spe
2611 848 2744 896 saln-

1529 1056 1748 1109 NOTAE

542 1198 605 1241 ut
639 1198 838 1241 taceam
876 1181 1201 1241 metallorum
1237 1191 1433 1253 largam
1467 1189 1602 1238 vari-

542 1280 727 1338 amque
749 1265 1171 1338 copiam,quibus
1198 1266 1486 1315 Britanniae
1524 1278 1602 1314 so-

540 1342 648 1393 lum
693 1342 919 1408 undique
959 1358 1204 1407 generum
1248 1344 1412 1408 pollet
1456 1341 1599 1391 venis

539 1417 921 1484 locupletibus!

609 1492 779 1543 Credo
795 1493 1210 1544 conciliationem
1230 1508 1364 1555 esse,
1379 1493 1515 1558 quod
1538 1508 1601 1543 ea

540 1568 725 1619 insula
769 1583 906 1633 pars,
939 1583 1054 1634 quae
1097 1570 1306 1633 proprie
1341 1568 1602 1619 Britannia

542 1650 889 1707 nuncupatur,
924 1645 1186 1709 magisque
1230 1652 1352 1695 tunc
1391 1645 1603 1708 cognita

545 1727 680 1783 erat,
720 1719 867 1770 ferax
921 1721 1244 1770 metallorum
1282 1725 1452 1769 esset:
1500 1732 1602 1768 non

541 1803 717 1847 antem
744 1796 1014 1845 Caledonia.
1075 1795 1239 1844 Immo
1262 1793 1327 1843 ad
1349 1794 1482 1843 hanc
1506 1791 1602 1841 dif-

542 1869 820 1920 ferentiam
860 1870 1143 1934 respiciunt
1167 1869 1432 1932 Caledondi,
1455 1868 1600 1933 quasi

545 1943 744 2006 dicant,
781 1958 884 1994 non
922 1951 1043 1994 sunt
1078 1945 1191 1993 haec
1230 1945 1368 2008 apud
1402 1957 1511 2006 nos,
1543 1949 1603 1992 ut

544 2018 682 2084 apud
705 2019 929 2084 reliquos
949 2020 1244 2069 Britannos.
1280 2019 1506 2069 pichewu-

610 2096 713 2144 Aut
732 2094 943 2157 malla]
975 2095 1147 2147 Quid?
1169 2091 1337 2144 nonne
1357 2101 1477 2143 ante
1495 2093 1601 2142 dic·

545 2175 656 2218 tum
678 2174 777 2230 est,
801 2184 966 2218 aarum
988 2175 1034 2218 et
1056 2175 1304 2231 argeutum
1325 2171 1374 2218 iu
1396 2171 1604 2218 Britan·

545 2244 633 2294 nia
654 2244 803 2293 esse?
844 2243 1054 2293 Dictum
1079 2251 1189 2293 est:
1225 2245 1314 2293 sed
1333 2245 1413 2293 hic
1438 2244 1504 2292 de
1527 2258 1602 2291 se-

544 2333 601 2370 se
645 2320 888 2370 Culedoaii
931 2321 1213 2384 loquuntur
1255 2326 1311 2370 et
1353 2321 1605 2384 sentiunt,

544 2396 633 2446 ubi
672 2402 794 2446 tune
832 2396 958 2445 nihil
995 2398 1195 2446 horum.
1260 2399 1395 2446 Area
1428 2403 1602 2446 antem

545 2484 648 2521 non
680 2482 822 2532 esse3
857 2485 989 2535 cape
1024 2473 1114 2521 illa
1135 2470 1329 2521 fertilia
1350 2479 1408 2521 et
1445 2472 1602 2536 gleba

545 2547 725 2597 ubere.
763 2548 974 2610 Lipsiae.
1110 2559 1119 2567 ·

474 2620 480 2626 ’
610 2624 713 2671 Aut
730 2621 943 2684 melana]
992 2621 1120 2674 Qum
1150 2624 1250 2671 etsi
1287 2621 1604 2690 invenissent

547 2695 600 2745 in
620 2697 701 2747 his
722 2697 1014 2760 regionibns
1038 2696 1305 2760 predones
1342 2695 1447 2759 isti,
1479 2696 1601 2745 mal-

544 2772 659 2822 lent
681 2779 855 2822 tamen
878 2786 944 2822 ex
966 2772 1109 2821 venis
1130 2772 1387 2821 hominum
1421 2785 1607 2821 eruere

544 2863 745 2912 aurum,
763 2863 917 2913 quam
940 2862 1007 2898 ex
1024 2848 1167 2897 venis
1191 2855 1280 2897 ant
1301 2847 1421 2897 rivis
1445 2847 1606 2897 tert-a-

545 2938 688 2988 rum;
721 2925 860 2989 quod
881 2924 1131 2974 describit
1158 2924 1381 2974 facunde
1402 2923 1602 2985 Paneg.

545 3000 747 3050 Theod.
780 3001 795 3029 ‘
820 3002 934 3052 Nec
969 3002 1104 3051 enim
1129 3001 1216 3064 qni
1253 3000 1457 3065 regibus
1491 3013 1604 3049 mos

547 3082 648 3136 est,
687 3077 987 3126 exercendis
1024 3077 1327 3139 invilissabat
1362 3075 1604 3137 metallis,

548 3156 610 3199 nt
643 3151 863 3200 latentia
895 3158 1091 3200 naturae
1115 3151 1248 3199 bona
1280 3151 1333 3198 in
1356 3140 1501 3198 usum
1525 3163 1604 3198 ar-

547 3227 796 3286 cesseret,
829 3229 887 3273 et
923 3232 1133 3285 pararet
1175 3224 1407 3278 innoxias
1461 3224 1605 3272 nullo

545 3298 854 3360 pauperiore
876 3297 1100 3346 divitias.
1154 3298 1344 3345 Parum
1376 3297 1463 3345 ille
1486 3312 1604 3361 pre-

548 3371 736 3422 tiosum
758 3370 975 3433 putabat
996 3385 1195 3431 aurum,
1213 3371 1351 3437 quod
1373 3372 1438 3420 de
1464 3387 1602 3421 mon·

547 3445 677 3496 tium
694 3447 853 3510 veuls,
869 3456 957 3495 aut
975 3444 1235 3497 fluminum
1261 3449 1602 3515 glareis-qua·

546 3520 677 3572 sitor
696 3522 904 3584 Bessus,
931 3531 1190 3573 scrutator
1211 3523 1467 3574 Callaicus
1489 3538 1606 3573 eru·

546 3597 707 3646 isset:
774 3598 903 3646 illud
957 3599 1131 3662 purius
1190 3599 1604 3664 splendidiusque

546 3672 811 3734 credebat,
853 3674 986 3736 quod
1032 3674 1297 3724 dedissent
1333 3675 1603 3734 dolentes;

547 3746 684 3813 quod
706 3748 963 3797 hominum
981 3751 1243 3814 lacryma,
1257 3764 1357 3800 uon
1380 3750 1604 3799 amnium

547 3836 696 3889 aqum
746 3822 1032 3873 abluissent
1067 3839 1082 3883 ;
1135 3838 1232 3874 nec
1287 3840 1317 3874 e
1380 3824 1603 3874 terrenis

547 3900 806 3963 specubus
845 3905 1096 3963 egestum,
1158 3899 1252 3948 sed
1311 3915 1341 3949 e
1395 3900 1605 3950 cervici-

550 3973 645 4023 bus
674 3969 973 4040 Jugulisque
1001 3988 1251 4023 caesorum
1274 3979 1412 4024 esset
1454 3973 1605 4023 effos-

550 4049 700 4098 sum!

614 4121 770 4189 Arna]
802 4125 922 4175 Non
947 4131 1119 4173 tamen
1140 4122 1248 4173 sine
1273 4137 1425 4173 sensu
1444 4124 1604 4189 legas,

550 4207 701 4248 m.
766 4198 902 4250 Nam
953 4206 1135 4265 gentes
1174 4197 1484 4262 tributaria,
1513 4213 1605 4249 seu

1680 1185 2045 1251 stipendiarie,
2117 1178 2525 1247 suppeditabant
2584 1179 2741 1227 etiam

1682 1277 1839 1324 arma,
1860 1275 1962 1313 non
1983 1259 2146 1309 solnm
2168 1258 2221 1308 in
2244 1257 2473 1318 delectu,
2494 1263 2552 1304 ut
2587 1251 2741 1303 Bata·

1681 1339 1751 1400 vi,
1773 1338 1860 1402 qui
1883 1351 2017 1386 uma
2045 1336 2261 1397 vir-uque
2297 1330 2518 1395 imperio
2556 1322 2743 1391 suumi-

1681 1416 1988 1474 nistrabant,
2009 1414 2101 1463 sed
2122 1412 2278 1462 etiam
2314 1409 2589 1473 aliquando
2609 1398 2742 1458 αἠιά

1683 1493 1875 1542 dabant
1897 1490 2166 1540 civitates:
2203 1488 2279 1536 sic
2303 1485 2474 1546 AEdui‚
2490 1484 2739 1534 exercitui

1679 1566 1901 1628 Vitellii,
1920 1580 2037 1615 cum
2059 1566 2112 1614 iu
2132 1562 2337 1612 Italiam
2365 1560 2632 1622 transiret,
2651 1560 2742 1609 Fa·

1679 1640 1764 1692 blo
1784 1641 2010 1689 Valente
2038 1639 2190 1701 duce,
2211 1651 2353 1686 arma
2389 1635 2738 1700 prebuerunt.

1682 1716 1768 1766 Sic
1811 1723 1868 1766 et
1900 1715 2271 1780 Lugdunenses
2306 1711 2740 1774 Viennensesque.

1679 1793 1796 1842 Nec
1835 1798 1942 1841 tam
1984 1789 2196 1839 midai
2242 1785 2388 1836 nmis
2427 1787 2483 1834 in
2540 1798 2738 1849 poenam

1678 1866 1828 1933 (quid
1866 1868 2006 1916 enim
2040 1864 2399 1915 commiserant
2416 1859 2463 1926 ?)
2496 1875 2648 1925 qnam
2683 1863 2740 1908 ut

1684 1948 1944 1994 armarent
1965 1941 2159 1991 tirones
2179 1937 2505 1989 Vitellianos.

1746 2022 1818 2071 Et
1852 2021 1890 2069 l.
1920 2033 1960 2069 1.
1999 2023 2079 2068 71.
2104 2032 2222 2067 cum
2242 2014 2507 2065 exercitus
2531 2013 2739 2063 Germa-

1682 2096 1787 2145 nici
1812 2095 2065 2145 amisisset
2087 2107 2182 2159 per
2199 2090 2437 2141 aestuaria
2450 2098 2506 2138 et
2529 2087 2738 2151 paludes

1684 2169 2021 2220 Germanicas
2077 2169 2338 2232 jumenta,
2392 2166 2635 2226 sarcinas,
2684 2169 2740 2213 et

1684 2260 1843 2310 arma,
1881 2245 2027 2297 tum·‘
2053 2244 2120 2293 ad
2155 2241 2441 2306 supplenda
2479 2239 2738 2289 exercitus

1683 2321 1888 2383 damna,
1926 2326 2196 2369 certavere
2219 2317 2426 2380 Galliae,
2454 2313 2740 2379 Hispanioe,

1683 2395 1855 2459 Italia,
1878 2395 2015 2460 quod
2056 2394 2242 2459 cuique
2277 2399 2559 2456 promtum3
2589 2404 2740 2452 arms,

1681 2485 1859 2537 equos,
1921 2485 2101 2521 aurum
2156 2467 2471 2519 offerentes:
2528 2480 2738 2531 quorum

1681 2546 1894 2597 laudato
1947 2548 2120 2597 studio
2174 2546 2539 2606 Germanicus,
2593 2542 2740 2592 armis

1680 2622 1833 2670 modo
1855 2628 1911 2671 et
1933 2623 2079 2688 equis
2098 2619 2163 2671 ad
2185 2622 2377 2671 bellum
2397 2619 2598 2682 sumtis,
2632 2632 2740 2682 pro-

1685 2696 1799 2760 pria
1835 2697 2059 2761 pecunia
2094 2696 2311 2747 militem
2334 2696 2516 2760 juvit.'
2579 2695 2664 2744 Sic
2686 2699 2740 2744 et

1683 2774 1721 2823 l.
1743 2785 1805 2823 11.
1826 2777 1875 2825 8.

1749 2847 1823 2899 At
1858 2848 2124 2899 Caledonii
2161 2862 2265 2897 non
2300 2846 2565 2898 hahebant
2590 2862 2741 2910 m,

1683 2925 1803 2989 qnia
1838 2937 1937 2974 nec
1964 2923 2174 2975 metalla
2195 2923 2482 2984 eruebant;
2518 2923 2743 2973 advecti-

1683 2999 1769 3049 tiis
1813 3000 1965 3048 armis
2005 2999 2304 3058 utebantur,
2335 3000 2682 3063 emebantque
2709 3010 2742 3046 a

1683 3074 1882 3124 vicinis.
1933 3075 2003 3124 Et
2022 3074 2136 3138 quis
2158 3074 2356 3134 credat,
2383 3088 2483 3122 uon
2505 3073 2741 3123 habuisse

1682 3151 1799 3199 illos
1820 3146 1975 3199 aruc?
2008 3163 2123 3199 cum
2167 3156 2226 3199 et
2263 3148 2592 3198 fertilitatem
2631 3148 2742 3197 Bri-

1683 3224 1871 3273 tanniae
1895 3223 2072 3273 laudet
2097 3223 2493 3288 ipse'Agricolm
2529 3231 2588 3273 et
2621 3223 2742 3288 ipsis

1682 3298 1996 3348 frumentum
2036 3299 2379 3363 imperaretur
2400 3299 2452 3348 in
2494 3313 2743 3348 annonam

1683 3374 2066 3439 subsidiumque
2086 3375 2342 3424 militum?

1745 3451 1879 3499 Arva
1906 3450 2064 3513 igitur
2101 3450 2184 3499 hic
2219 3449 2493 3498 memorari
2530 3457 2739 3513 putem:

1655 3533 1802 3573 'sunt
1838 3526 2032 3590 quippe
2082 3524 2195 3574 haec
2239 3525 2343 3574 tria
2392 3525 2681 3588 precipue,
2712 3538 2742 3573 e

1682 3600 1870 3665 quibus
1895 3601 2089 3649 tributa
2110 3614 2204 3649 sen
2226 3599 2509 3662 vectigalia
2547 3601 2657 3649 erui
2691 3606 2745 3649 et

1683 3679 1859 3741 augeri
1911 3676 2146 3741 possint;
2203 3691 2388 3740 nempe
2439 3691 2644 3728 annona
2682 3692 2745 3727 ex

1682 3753 1843 3812 aivis,-
1872 3767 1939 3803 ex
1968 3754 2187 3802 metallis
2210 3766 2354 3816 opes,
2375 3767 2536 3816 arma,
2554 3755 2745 3818 stipen-

1684 3828 1771 3877 dia
1790 3844 1805 3888 ;
1840 3834 1896 3877 et
1918 3841 1984 3877 ex
2007 3827 2242 3892 portibus
2258 3841 2478 3888 merces,
2492 3834 2548 3877 et
2569 3837 2745 3878 cetera

1683 3904 1972 3953 necessaria
1993 3904 2104 3953 usui
2126 3903 2367 3954 invecta:
2404 3904 2540 3953 unde
2563 3904 2750 3967 praeci:

1685 3978 1775 4042 pui
1796 3978 2019 4042 Reipub.
2043 3977 2259 4028 reditus.

1745 4059 1782 4083 ⁷
1801 4052 2144 4115 longinquitas
2158 4068 2214 4101 uc
2227 4052 2479 4115 metum]
2505 4053 2593 4103 Ob
2614 4052 2750 4104 hanc

1684 4127 2026 4191 suspicionem
2056 4142 2137 4190 ea,
2159 4141 2273 4192 quie
2313 4125 2497 4190 procul
2536 4135 2689 4178 erant
2718 4141 2749 4178 a

1682 4209 1963 4266 conspectu
1996 4202 2200 4267 imperii
2236 4203 2426 4267 saepius
2450 4199 2750 4256 afflixerunt
