3000 4859
569 410 752 477 3620

575 570 959 637 Domitiano
1004 566 1415 633 miseriarum
1463 586 1623 651 pars
1674 573 1837 645 erat,
1894 566 2117 632 videre
2167 574 2236 632 et
2284 566 2497 649 aspici
2528 574 2573 631 :²

569 673 870 755 suspiria
918 674 1148 737 nostra
1200 669 1763 735 subscriberemus
1792 676 1840 733 ε·

1280 426 1345 472 C.
1392 423 1762 473 CORNELII
1811 423 2067 473 ‘rAcrrl

1889 687 2047 732 cum
2080 666 2472 733 denotandis
2513 586 2784 735 ῐοεῗιῗ

570 772 822 839 minum
875 768 1265 856 panoribusb
1309 769 1634 834 sufficeret
1693 788 1917 834 saevus
1970 767 2084 832 ille
2138 768 2365 834 vultus
2414 773 2484 831 et
2550 769 2776 847 rubor,

569 934 877 986 intuebatur.-
905 949 1042 984 nunc
1063 934 1270 984 monimo
1283 948 1398 999 pars
1417 933 1749 983 reindutum
1771 933 1857 982 sub
1880 933 2160 983 Domitiano
2171 932 2295 994 snit,
2313 931 2520 996 aspicere
2536 932 2779 995 euspici.
2768 947 2784 960 ·

573 1016 680 1050 cum
701 1002 905 1053 lamma
925 1000 1085 1048 nostru
1104 998 1498 1061 subnotat-entur.-

1536 998 2063 1065 ωαίιιιωερὶσίεηάἰε
2082 1003 2153 1047 tot
2175 998 2410 1048 hominm
2423 997 2681 1061 pavoribus
2689 1010 2784 1062 pu·

1566 1176 1788 1229 NOTAE

467 1330 474 1336 ·
570 1307 869 1372 sanguineo,
913 1306 1198 1359 denotabat
1249 1308 1363 1373 ipse
1410 1309 1635 1374 paliores

565 1385 844 1447 bominum,
885 1391 942 1434 et
978 1385 1201 1449 suspiria
1234 1386 1541 1436 numerabat
1573 1402 1634 1436 ac

568 1460 958 1522 subscribebat;
997 1468 1088 1511 aut
1127 1461 1382 1512 subscribi
1409 1463 1636 1527 jubebat

565 1546 624 1597 iu
643 1536 755 1602 ipso
776 1543 960 1586 senatu
985 1553 999 1586 z
1019 1536 1154 1602 quod
1175 1537 1538 1588 miserrimum.

631 1620 653 1655 ¹
688 1614 801 1663 Non
819 1612 1088 1675 spectavit}
1126 1612 1394 1664 Claudian.
1423 1614 1634 1664 Consul·

569 1687 742 1738 Maiiii
764 1705 777 1737 :
803 1690 819 1716 ‘
843 1687 947 1740 Qui
967 1688 1157 1739 fruitur
1178 1704 1351 1754 poena,
1374 1688 1516 1740 ferus
1538 1698 1638 1762 est,

569 1764 848 1830 legumque
891 1764 1100 1815 videtur
1158 1765 1456 1816 Vindictam
1506 1782 1637 1831 proe·

568 1847 710 1890 stare
730 1840 865 1890 sibi!
890 1841 1195 1905 Xenophon.
1216 1842 1449 1893 Hierone
1472 1859 1487 1892 ι
1507 1843 1525 1874 4
1548 1844 1637 1894 vi·

565 1931 628 1968 ro
649 1917 894 1983 principi,
915 1917 1005 1967 ubi
1028 1928 1291 1981 poeuarum
1315 1924 1371 1969 et
1392 1920 1637 1984 supplicii

565 2008 650 2045 res
668 2002 767 2058 est,
786 1994 839 2045 id
856 1994 971 2044 aliis
988 1993 1333 2058 delegandum
1352 2011 1365 2044 ι
1399 1995 1487 2045 ubi
1506 2011 1637 2061 proe-

563 2071 784 2121 miorum
821 2070 912 2120 a'ut
951 2082 1238 2135 munerum,
1289 2071 1390 2135 ipsi
1442 2070 1635 2121 obeun-

566 2145 730 2195 dum!

630 2227 651 2252 ⁸
690 2219 857 2271 Viden-i
897 2225 946 2269 et
987 2218 1161 2283 aspici]
1223 2220 1346 2270 Non
1387 2229 1507 2272 erat
1537 2223 1632 2273 sub

564 2295 865 2347 Domitiano
887 2302 1028 2345 totus
1048 2304 1256 2345 mutuus
1280 2295 1538 2346 bominum
1557 2312 1631 2347 as·

563 2379 750 2437 pectus
777 2388 791 2421 ε
826 2386 892 2421 ex
926 2372 1073 2421 vultu
1101 2371 1242 2421 uitro
1263 2372 1499 2439 citroque
1522 2377 1630 2425 cui-

563 2463 648 2513 με
689 2449 954 2499 bominum
988 2448 1355 2513 arguebantur.
1419 2451 1507 2501 Sic
1525 2453 1628 2501 Va—

563 2524 727 2575 lerius
751 2525 1008 2575 Maximus
1031 2539 1098 2575 n.
1123 2530 1171 2577 1.
1201 2528 1218 2555 4
1237 2525 1340 2576 Sed
1366 2526 1565 2591 pariter
1580 2534 1638 2579 et

561 2600 741 2650 videre
781 2608 958 2651 sancte
979 2609 1036 2649 et
1052 2601 1213 2663 aspici
1228 2600 1422 2651 'mutuo
1439 2603 1636 2666 pudore

561 2677 1021 2729 custodiebantur?
1064 2679 1438 2729 Tertullianus:
1483 2683 1500 2710 4
1522 2682 1636 2732 Μ..

562 2756 678 2804 vuit
690 2752 899 2803 foemina
920 2753 1121 2817 videre,
1136 2768 1285 2819 quam
1310 2754 1510 2805 videri-³
1543 2761 1634 2808 Co-

634 2905 826 2969 Viden]
862 2907 1004 2957 Nihil
1033 2907 1303 2958 immanius
1327 2924 1479 2973 quarn
1501 2911 1632 2961 mori

559 2984 658 3033 sub
698 2984 919 3034 arbitrio
951 2990 1006 3034 et
1043 2993 1260 3049 aspectu
1289 2986 1631 3038 inimicorum.

559 3059 648 3109 Sic
684 3059 824 3109 Anu.
873 3074 935 3110 ιι.
984 3064 1065 3111 70.
1110 3075 1227 3110 cum
1281 3062 1632 3113 valetudinem

561 3138 982 3204 Germanici¹per
1008 3141 1215 3191 nuntios
1250 3141 1524 3191 rimaretur
1545 3141 1633 3189 Pi·

560 3226 618 3262 ao
642 3231 654 3262 :
690 3216 706 3242 4
726 3214 802 3265 Ea
846 3215 1162 3265 Germanico
1185 3215 1320 3265 baud
1346 3216 1512 3265 minus
1537 3217 1632 3287 ira,

560 3302 714 3351 quam
751 3304 847 3353 per
885 3297 1082 3340 metum
1109 3300 1360 3355 accepta:
1398 3292 1440 3339 si
1474 3292 1630 3343 limen

555 3362 904 3426 obsideretur,
942 3366 983 3412 si
1020 3364 1363 3415 effundendus
1407 3369 1623 3432 spiritus

555 3437 654 3488 sub
675 3439 835 3488 oculis
854 3440 1178 3491 inimicorum
1201 3442 1375 3494 foret?

629 3513 793 3564 Viden-i
813 3520 862 3565 et
883 3516 1054 3580 aspici]
1090 3518 1248 3568 Forte
1294 3520 1521 3584 scripsit,
1556 3521 1629 3570 oi·

556 3590 682 3640 dere.
699 3590 867 3643 Cicer.
887 3592 953 3643 de
978 3590 1065 3642 off.
1086 3607 1126 3643 1.
1146 3596 1161 3622 4
1189 3595 1517 3646 Moriendnm
1536 3612 1628 3662 po-

557 3665 681 3727 tius,
730 3681 880 3732 quam
935 3669 1107 3720 vuitus
1159 3672 1491 3737 aspiciendus
1548 3681 1627 3738 ty·

479 3774 488 3781 -
556 3741 738 3793 ranniss

621 3823 650 3851 ⁸
697 3816 1136 3883 Sabaei-iberatur]
1214 3823 1303 3870 Sic
1376 3825 1630 3889 loquitur,

558 3894 680 3959 quia
703 3895 991 3959 majestatis
1014 3896 1206 3945 crimen
1245 3897 1372 3960 fuit,
1413 3901 1623 3963 suspiri-

557 3983 646 4020 um
682 3971 903 4029 misisse,
940 3985 1056 4019 cum
1101 3971 1176 4020 rei
1215 3971 1621 4025 damnarentur:

559 4043 753 4108 quippe
774 4060 839 4095 ex
855 4060 995 4095 more
1014 4054 1362 4105 accusatores,
1385 4057 1623 4110 porrecto

553 4118 752 4184 libello,
772 4122 1008 4171 solebant
1038 4136 1093 4170 sc
1115 4120 1401 4170 subscribere
1417 4138 1437 4179 ,-
1482 4123 1623 4174 unde

559 4193 836 4259 subscriptio
856 4200 938 4246 vei
962 4197 1222 4261 inscriptio,
1243 4204 1327 4248 est
1356 4206 1625 4250 accusato·

563 4266 638 4319 ris
663 4268 886 4333 libellum
919 4287 1024 4340 quo
1060 4274 1341 4339 profitetur
1382 4289 1440 4329 ss
1476 4289 1624 4329 reum

1715 1306 1918 1360 deferre
1967 1308 2083 1374 lege
2114 1308 2225 1362 Jul.
2262 1308 2332 1360 de
2366 1308 2663 1372 majestate,
2692 1306 2776 1356 vel

1715 1400 1817 1450 qua
1833 1386 1952 1449 alia,
1975 1399 2196 1451 eumque
2218 1399 2361 1436 reum
2382 1399 2413 1434 a
2435 1398 2491 1434 se
2508 1390 2777 1448 peractum

1716 1461 1800 1511 iri.
1865 1462 2002 1512 Nam
2022 1462 2124 1513 boc
2141 1461 2321 1512 ordine
2346 1476 2429 1512 res
2453 1460 2727 1526 agebatur.

1778 1536 2025 1589 Ducebat
2059 1543 2332 1588 accusator
2370 1551 2513 1586 reum
2536 1536 2695 1600 injus
2713 1534 2779 1584 ad

1715 1619 2010 1678 pretorem,
2027 1614 2114 1678 qui
2135 1612 2253 1676 lege
2275 1613 2312 1665 J
2316 1612 2385 1662 ui.
2407 1613 2477 1661 de
2498 1612 2777 1676 maiestate

1713 1688 2011 1755 qua-,rebam
2052 1689 2469 1754 postulabatque,
2503 1695 2565 1738 ut
2584 1696 2781 1753 pretor

1714 1778 1902 1814 nomen
1944 1766 2058 1829 ejus
2089 1765 2349 1830 reciperet
2384 1766 2501 1828 lege
2535 1764 2701 1825 Julia,
2721 1770 2777 1813 et

1714 1840 1907 1890 edebat
1941 1841 2327 1906 inscriptionem
2365 1855 2459 1891 sua
2479 1855 2635 1889 manu
2664 1841 2775 1891 sub-

1714 1916 1997 1980 scriptam:
2043 1932 2159 1982 quae
2197 1917 2406 1982 quidem
2435 1916 2697 1981 inscriptio
2723 1916 2781 1971 in

1713 1992 2059 2043 criminalibus
2098 1993 2423 2057 exigebatur,
2442 2000 2504 2043 ut
2534 1995 2653 2059 ipsa
2671 1994 2777 2043 viu·

1713 2068 1848 2117 ciret
1883 2074 2236 2119 accusatorem
2264 2067 2449 2118 falsum
2472 2077 2530 2119 et
2562 2076 2774 2119 temero·

1711 2142 1860 2205 rium,
1910 2157 2113 2208 poeuam
2145 2141 2407 2208 daturum,
2443 2144 2487 2194 si
2522 2142 2661 2194 forte
2698 2159 2779 2196 ca·

1708 2221 1988 2271 lumniator
2022 2222 2365 2286 apparuisset,
2395 2222 2485 2273 vel
2514 2222 2567 2271 iu
2590 2222 2776 2286 proba-

1710 2296 1853 2347 tione
1876 2296 2171 2347 defecisset.

1772 2372 2123 2438 Subscriptores
2141 2378 2314 2424 autem
2337 2373 2660 2437 dicebantur,
2686 2373 2777 2441 qui

1706 2462 1763 2498 se
1782 2449 2105 2511 accusatori,
2123 2450 2215 2515 qui
2249 2451 2324 2500 rei
2364 2465 2552 2499 nomeu
2577 2448 2775 2500 detule-

1715 2532 1816 2587 rat,
1832 2526 2198 2575 subscribebant.
2250 2525 2388 2576 Hinc
2406 2525 2662 2575 Asconius
2680 2540 2777 2591 pro

1715 2600 1985 2651 Cornelio:
2043 2602 2059 2629 ‘
2083 2601 2275 2651 detulit
2312 2614 2500 2650 nomen
2540 2600 2772 2665 Publius,

1713 2676 2016 2741 subscripsit
2048 2677 2242 2727 Caius!
2317 2678 2387 2726 Et
2422 2678 2610 2727 Cicero
2643 2679 2774 2742 epis-

1714 2753 1823 2802 tola
1843 2753 1909 2802 ad
1932 2755 2001 2805 Q.
2025 2753 2110 2803 Fr.
2142 2755 2159 2782 4
2183 2752 2465 2803 Gabinium
2486 2751 2557 2802 de
2578 2754 2774 2804 ambitu

1714 2842 1858 2878 reum
1882 2827 2012 2879 fecit
2029 2829 2092 2879 P.
2115 2828 2276 2893 Sylla,
2287 2829 2654 2879 subscribente
2676 2831 2779 2897 pri-

1713 2905 1864 2967 vigno
1885 2905 2169 2956 Memmio!
2241 2904 2533 2967 Vir-dm.

1775 2981 2147 3045 Subscriptio-ts
2183 2981 2459 3045 imaginem
2492 2994 2777 3045 περι-εσσο-

1713 3063 1791 3107 tat
1812 3058 2045 3109 Seneca·
2033 3073 2084 3108 in
2109 3058 2573 3123 Apocoiocyntosi.
2624 3058 2643 3086 4
2665 3059 2773 3108 Du·

1710 3136 1947 3186 citiiium
1981 3137 2049 3187 ad
2082 3137 2301 3187 tribunal
2337 3136 2499 3186 AEaci.
2565 3137 2619 3186 Is
2658 3138 2773 3201 iege

1711 3212 1973 3273 Cornelia,
2018 3226 2129 3277 quas
2174 3214 2240 3262 de
2284 3213 2480 3262 sicariis
2524 3214 2633 3283 iata
2675 3220 2773 3275 est,

1711 3289 1998 3352 qum-ebat,
2022 3291 2266 3353 postulat,
2286 3304 2468 3339 nomen
2504 3290 2622 3353 ejus
2645 3292 2773 3341 reei-

1710 3362 1809 3427 pit,
1830 3363 1941 3412 edit
1967 3364 2402 3428 subscriptionem
2422 3365 2457 3414 2’
2507 3380 2627 3429 quae
2664 3366 2773 3431 qni·

1704 3438 1823 3488 dem
1845 3440 1923 3489 ita
1941 3441 2096 3505 vulgo
2116 3440 2263 3491 edita
2297 3440 2503 3491 restitui
2539 3443 2592 3490 iu
2634 3443 2768 3493 bunc

1706 3516 1910 3564 modum
1934 3517 2120 3566 veiim:
2153 3517 2169 3544 ‘
2194 3519 2426 3581 postulat
2448 3530 2637 3567 nomen
2659 3519 2773 3583 ejus

1706 3593 1906 3656 recipi?

1770 3666 1795 3701 δ
1831 3668 2115 3732 Pallor-ibim]
2180 3669 2416 3720 Macrob.
2438 3671 2650 3723 Saturn.
2671 3686 2766 3723 vn.

1710 3748 1790 3794 11.
1822 3744 1838 3771 ‘
1863 3745 1969 3796 Qui
2002 3750 2258 3805 metuunt,
2285 3759 2385 3810 qua
2421 3747 2627 3797 ratione
2662 3750 2767 3812 pal-

1706 3820 1940 3869 iescaut?
2008 3821 2121 3870 Nec
2158 3823 2274 3882 boc,
2311 3822 2551 3872 Disarius
2588 3824 2679 3885 ait,
2714 3824 2765 3873 iu

1706 3898 1916 3946 occuito
1941 3904 2038 3946 est.
2104 3898 2309 3948 Natura
2330 3899 2488 3961 enim,
2506 3913 2626 3949 curn
2646 3899 2766 3966 qnid

1705 3972 1771 4020 de
1791 3974 2112 4022 extrinsecus
2133 3974 2553 4033 contingentibus
2568 3976 2769 4035 metuit,

1703 4048 1755 4095 in
1780 4047 1940 4096 altum
1978 4056 2090 4097 tota
2123 4048 2479 4113 demergitur:
2523 4052 2768 4102 sicntnos

1704 4137 1927 4188 quoque,
1968 4140 2086 4175 cum
2141 4127 2395 4189 timemus,
2440 4127 2672 4178 latebras
2704 4132 2769 4178 ‘ct

1701 4201 1817 4249 ioca
1840 4214 1932 4250 uos
1952 4202 2244 4252 occulentia
2268 4203 2564 4267 querimus.
2633 4206 2767 4268 Ergo

1702 4280 1817 4328 tota
1851 4275 2169 4329 descendens
2204 4278 2435 4345 [uatum
2464 4279 2571 4346 νὴ]
2605 4289 2667 4332 ut
2696 4281 2771 4330 ia<
