3000 4859
1219 417 1630 467 «nubemus,

2352 403 2526 469 3751

1325 648 1541 701 NOTAE

392 759 484 811 lm
514 761 626 824 Jam
652 769 857 828 tempus
877 762 1030 814 finem
1056 765 1191 815 notis
1222 764 1385 828 impo-

325 837 486 887 nendi
504 853 618 888 cum
641 840 776 903 Deo,
815 842 896 889 cni
921 842 1083 904 gloria
1106 849 1305 890 aeterna
1329 849 1385 891 et

328 912 530 963 infinita
570 915 657 976 sit,
703 917 798 965 nisi
842 917 1007 966 adbuc
1059 917 1386 966 discutienda

327 990 547 1053 quaestio
582 991 864 1053 videretur,
901 1007 966 1040 an
992 1006 1110 1039 vere
1149 993 1295 1040 Fabii
1318 991 1386 1040 sit

323 1065 409 1113 hic
430 1064 683 1130 dialogus.
753 1069 926 1117 Quare
950 1075 1004 1116 et
1026 1068 1110 1116 bic
1143 1068 1386 1117 nonnulla

323 1140 591 1202 addemus,
616 1157 681 1189 ex
704 1143 886 1206 quibus
915 1144 1056 1192 clare
1094 1150 1149 1193 et
1180 1144 1387 1194 eviden-

321 1220 407 1265 ter
449 1219 707 1268 constabit
745 1233 856 1267 esse
890 1235 1070 1269 verum
1111 1220 1383 1283 genuinum

323 1297 379 1340 et
403 1305 701 1355 germanum
723 1293 853 1358 opus
876 1295 1197 1346 Quintiliani.
1249 1297 1384 1346 Nam

324 1374 469 1416 certe
494 1383 644 1419 voces
670 1370 928 1432 simplices
966 1371 1164 1420 eaedem
1193 1372 1384 1433 passim

325 1447 437 1492 toto
459 1444 556 1492 boc
578 1444 710 1493 libro
741 1446 984 1508 leguntur
1012 1447 1087 1496 ita
1109 1445 1385 1497 familiares

321 1522 378 1568 et
402 1520 626 1581 propria>
652 1521 802 1583 hujus
827 1522 1073 1582 auctoris,
1111 1530 1170 1570 ut
1208 1523 1293 1571 vix
1332 1525 1385 1573 iu

323 1593 424 1643 allo
445 1596 553 1643 ullo
576 1596 921 1659 reperiantur,
963 1606 1020 1646 ut
1039 1599 1264 1659 agnatio,
1285 1601 1384 1661 sig·

319 1685 471 1732 nesse,
492 1673 669 1735 utique,
709 1675 989 1734 intellectas,
1010 1689 1186 1733 seusus,
1205 1676 1383 1739 prosec-

321 1751 421 1810 tu,
443 1747 638 1812 offensa,
658 1751 739 1811 &a
791 1749 879 1799 Ita
903 1757 959 1799 ut
982 1750 1106 1814 ipsae
1131 1766 1225 1815 pro
1248 1768 1384 1802 com-

323 1822 508 1884 positis
552 1837 692 1887 saepe
737 1831 1072 1888 usurpentur,
1110 1826 1245 1890 quod
1284 1828 1384 1890 ipsi

323 1899 610 1963 proprium.
675 1902 846 1950 Unum
869 1899 1008 1950 forte
1044 1909 1122 1951 eet
1141 1903 1278 1966 quod
1303 1916 1382 1952 re-

320 1983 546 2044 pugnet„
555 1983 644 2026 aut
666 1984 812 2026 certe
832 1991 1123 2041 repugnare
1143 1977 1382 2028 videatur

320 2051 474 2114 genio
511 2052 644 2101 illius
682 2053 926 2116 auctoris,
947 2067 1134 2116 nempe
1172 2053 1381 2104 hilarior

318 2131 376 2174 et
398 2127 716 2177 exultantior
739 2143 923 2189 sermo,
947 2135 1000 2177 et
1025 2135 1105 2178 tot
1125 2143 1280 2179 voces
1301 2143 1384 2194 sy-

316 2213 575 2265 nonymoe,
619 2203 766 2267 quasi
798 2202 949 2251 simul
997 2210 1262 2266 congestae
1319 2219 1381 2254 ac

317 2281 509 2340 praeter
529 2277 736 2326 modum
758 2275 1041 2326 effluentes.
1096 2280 1200 2328 Sed
1225 2294 1381 2330 causa

316 2349 440 2399 binc
462 2358 563 2413 est,
585 2350 720 2415 quod
754 2349 939 2400 Fabius
970 2352 1180 2415 juvenis
1212 2353 1379 2404 adbuc

320 2424 580 2490 dialogum
615 2426 752 2476 hunc
790 2428 1158 2489 composuerit,
1179 2436 1235 2478 et
1259 2429 1381 2493 quie

321 2508 431 2551 tum
476 2503 741 2566 praecipue
781 2503 1009 2553 Tullium
1065 2504 1379 2569 eloquentie.

318 2577 608 2642 principem
649 2586 704 2628 et
742 2594 988 2629 summum
1029 2580 1237 2630 dicendi
1274 2596 1379 2630 ma-

320 2653 533 2716 gistrum
559 2654 800 2715 temulari,
819 2651 1032 2716 referre,
1051 2660 1107 2704 et
1131 2656 1274 2706 velut
1295 2671 1382 2706 ex-

317 2728 543 2778 scribere
567 2729 802 2794 gestiret.
870 2732 938 2780 Et
962 2740 1120 2780 -certe
1141 2733 1217 2782 sic
1252 2735 1380 2783 mul-

319 2810 404 2854 tus
425 2806 608 2868 passim
627 2805 810 2856 Cicero
828 2805 878 2854 in
898 2806 1190 2870 synonymis
1210 2822 1383 2859 cumu-

318 2879 502 2929 landis.
569 2880 655 2929 Sic
695 2881 863 2944 Epist.
900 2881 966 2929 ad
1009 2880 1129 2933 Fam.
1173 2896 1256 2934 lx.
1296 2889 1381 2937 28.

318 2956 336 2984 ⁸
364 2956 620 3005 Constitui
658 2956 722 3006 ad
763 2964 817 3006 te
855 2958 1049 3020 venire,
1070 2965 1130 3008 ut
1161 2966 1218 3011 et
1240 2960 1381 3011 vide-

319 3045 428 3080 rem
470 3039 541 3093 te,
577 3041 632 3081 et
659 3032 912 3083 viserem!
980 3035 1087 3083 Pro
1123 3035 1274 3086 domo
1295 3041 1378 3087 27.

315 3107 332 3136 ‘
360 3107 464 3158 Qui
507 3123 638 3157 meae
676 3108 830 3158 saluti
867 3123 1018 3173 opem
1054 3116 1113 3160 et
1135 3112 1378 3162 auxilium

318 3183 549 3234 tulisset!
606 3185 676 3232 Et
709 3184 775 3232 de
798 3189 926 3235 orat.
980 3186 998 3214 ⁶
1024 3186 1210 3250 Neque
1254 3201 1379 3237 vero

315 3258 466 3307 nobis
485 3259 816 3323 cupientibus
839 3268 994 3325 atque
1009 3265 1378 3327 exoptantibus

317 3332 519 3384 fructus
553 3335 646 3384 otii
681 3336 830 3385 datus
866 3337 984 3386 est.’
1042 3339 1180 3389 Ibid.
1219 3343 1236 3369 ‘
1258 3340 1378 3391 Jam

315 3423 442 3460 vero
465 3411 683 3461 consilio
720 3427 782 3461 ac
814 3413 1067 3476 sapientia
1090 3417 1177 3479 qui
1198 3431 1380 3480 regere

318 3499 382 3535 ac
405 3487 695 3549 gubernare
732 3488 986 3552 Rempnb.
1014 3493 1259 3553 possen&
1280 3497 1379 3542 ἅτε.

319 3561 436 3614 Lib.
479 3577 556 3613 ιν.
594 3563 646 3612 iu
684 3565 929 3614 Verrem:
963 3565 980 3593 ‘
1004 3567 1146 3618 Quas
1177 3568 1379 3618 illorum

318 3638 657 3702 querimonias
694 3639 1179 3705 nolite..aspernari,
1218 3645 1381 3695 nolite

318 3721 651 3762 contemnere
695 3728 758 3763 ac
802 3718 1104 3782 negligere.'
1151 3719 1380 3786 Philipp.

313 3793 364 3839 6.
395 3789 412 3818 ⁴
440 3790 668 3851 Majores
707 3794 892 3854 nostri,
916 3801 1120 3844 veteres
1155 3795 1252 3858 illi,
1289 3796 1377 3845 ed·

313 3863 520 3912 modum
571 3866 768 3928 antiqui
791 3859 798 3866 “
822 3866 964 3928 leges
1013 3870 1221 3919 annales
1274 3884 1376 3920 non

311 3938 607 3990 habebant?
659 3941 740 3989 De
787 3943 941 3993 Univ.
981 3947 1058 3993 ⁸4.
1109 3946 1125 3973 ⁴
1147 3946 1377 3996 Creden-

313 4014 434 4064 dum
457 4017 703 4067 nimirum
721 4025 802 4066 est
820 4019 1083 4069 veteribus
1111 4026 1168 4070 et
1198 4021 1377 4084 priscis

310 4090 529 4143 ...viris.’
583 4092 752 4156 Epist.
776 4107 838 4143 u.
864 4099 946 4145 21.
981 4098 998 4124 ‘
1021 4096 1174 4145 Hanc
1212 4099 1376 4162 ipsam

315 4174 579 4216 recentem
637 4181 822 4218 novam
876 4169 1185 4221 devoravit.’
1269 4174 1377 4224 Pro

314 4241 506 4295 rucco
554 4247 632 4293 ts.
685 4243 702 4271 ‘
725 4244 868 4309 Lege
922 4245 1021 4297 bse
1072 4249 1272 4299 receuti
1322 4256 1379 4300 et

1465 762 1634 813 uova.'
1670 764 1814 812 Fam.
1852 777 1891 812 1.
1932 767 1983 812 9.
2032 762 2049 789 ⁸
2076 762 2265 810 Rerum
2302 759 2526 826 denique

1465 840 1690 890 omnium
1733 839 1926 888 socium
1984 836 2326 900 comitemque
2369 836 2525 887 habe-

1468 915 1584 965 bis.'
1651 915 1735 963 Sic
1773 921 1830 963 et
1869 913 1988 962 alibi
2027 912 2231 976 passim.
2284 911 2371 960 Sic
2402 926 2527 975 ergo

1467 977 1772 1040 Ciceronem
1830 989 2170 1038 aemulabatur
2227 988 2414 1036 Fabius
2470 990 2524 1038 iu

1466 1067 1712 1129 Dialogo.
1733 1066 1920 1118 Juuior
1942 1073 2113 1114 autem
2138 1064 2346 1126 scripsit
2370 1063 2531 1114 dialo-

1466 1155 1606 1203 gum,
1645 1141 1866 1203 ipsomet
1905 1146 2056 1197 teste,
2086 1153 2198 1187 cnm
2240 1140 2349 1188 scil.
2382 1138 2528 1201 quin·

1467 1229 1721 1280 queuuem
1761 1215 1924 1263 filium
1965 1213 2154 1263 amisit.
2225 1216 2381 1264 Forte
2416 1215 2528 1279 ipse

1465 1297 1576 1340 tum
1601 1292 1849 1354 attigerat
1882 1294 1963 1339 25.
2001 1297 2090 1339 aut
2124 1291 2437 1352 trigesimum
2461 1306 2528 1340 a»-

1467 1367 1590 1415 tatis
1627 1381 1840 1415 anuum:
1875 1380 2036 1430 quare
2072 1365 2409 1430 profluentior
2444 1367 2529 1418 liic

1464 1456 1653 1506 sermo,
1696 1449 1754 1491 et
1798 1443 1941 1504 quasi
1985 1443 2173 1505 passim
2220 1443 2527 1495 iuxuriatur.

1466 1517 1621 1570 Quod
1646 1532 1746 1567 non
1771 1518 1952 1566 mirum
1974 1518 2025 1566 in
2051 1518 2247 1580 juvene
2271 1517 2528 1568 excellen-

1461 1593 1610 1641 tioris
1630 1593 1815 1642 indolis
1838 1607 1899 1642 ac
1922 1594 2052 1656 spei.
2087 1594 2311 1657 Ipseque
2335 1593 2527 1643 Fabius

1465 1669 1518 1718 id
1560 1676 1805 1731 testatur,
1839 1675 1897 1719 et
1934 1668 2191 1731 approbat
2233 1669 2285 1716 in
2317 1682 2372 1717 se
2395 1667 2528 1717 etin

1465 1746 1598 1794 aliis.
1665 1745 1752 1795 Sic
1772 1746 1858 1793 ille
1880 1746 1916 1793 l.
1942 1759 2017 1793 xi.
2043 1750 2091 1793 l.
2125 1747 2142 1773 ‘
2170 1744 2345 1806 Ipsum
2367 1746 2525 1795 etiam

1463 1820 1775 1884 eloquentiae
1818 1833 1978 1883 genus
2013 1819 2141 1868 alios
2175 1819 2312 1869 aliud
2352 1819 2528 1873 decet.

1467 1897 1606 1946 Nam
1628 1910 1795 1960 neque
1819 1903 1923 1945 tam
1958 1897 2168 1957 plenum
2203 1903 2258 1944 et
2292 1904 2524 1946 erectum

1459 1979 1520 2021 et
1558 1972 1727 2021 audax
1761 1979 1818 2022 et
1842 1973 2145 2035 praecultum
2168 1971 2378 2021 senibus
2402 1987 2524 2022 con·

1460 2048 1680 2111 venerit,
1700 2063 1853 2112 quam
1876 2063 2106 2112 pressum
2147 2056 2203 2097 et
2241 2047 2365 2097 mite
2388 2055 2443 2098 et
2465 2048 2526 2097 li-

1458 2130 1674 2187 matum,
1692 2131 1748 2174 et
1765 2125 1914 2190 quale
1955 2124 2173 2188 intelligi
2194 2126 2304 2174 vult
2321 2125 2524 2185 Cicero,

1460 2213 1579 2249 cum
1623 2200 1752 2250 dicit
1793 2201 2076 2250 orationem
2117 2216 2259 2250 suam
2302 2202 2523 2265 eoepisse

1457 2290 1767 2326 canescere:
1800 2276 1935 2325 sicut
1952 2275 2178 2325 vestibus
2194 2291 2397 2341 quoque
2419 2289 2522 2325 nou

1460 2366 1692 2415 purpura
1744 2366 2003 2416 coccoque
2065 2349 2382 2413 fulgentibus
2437 2351 2526 2401 illa

1461 2432 1591 2475 aetas
1634 2427 1757 2476 satis
1797 2435 1921 2490 apta
1960 2427 2046 2475 sit.
2138 2427 2199 2474 ln
2243 2426 2522 2489 juvenibus

1459 2501 1619 2550 etiam
1642 2500 1883 2550 uberiora
1921 2501 2092 2563 paulo,
2130 2508 2186 2550 et
2218 2514 2363 2563 paeue
2389 2501 2524 2563 peri-

1460 2576 1699 2626 clitantia
1735 2574 2005 2625 feruntur.’
2065 2575 2153 2624 Sic
2192 2582 2247 2623 et
2287 2576 2446 2624 lam.
2472 2581 2520 2627 l.

1462 2654 1530 2703 de
1551 2653 1754 2702 Tullio:
1788 2653 1805 2682 ⁴
1832 2653 2134 2715 Quanquam
2157 2652 2292 2699 enim
2313 2653 2522 2702 stetisse

1461 2729 1631 2794 ipsum
1668 2730 1722 2778 iu
1760 2728 1970 2792 fastigio
1991 2727 2301 2791 eloquentiae
2333 2725 2525 2790 fateor,

1459 2820 1522 2855 uc
1556 2807 1642 2855 vix
1666 2805 1790 2870 quid
1830 2805 1987 2869 adjici
2020 2805 2267 2868 potuerit,
2302 2804 2527 2870 invenio,

1462 2881 1684 2932 fortasse
1719 2882 2042 2942 inventurus,
2078 2880 2202 2944 quid
2238 2880 2403 2929 adhuc
2433 2880 2522 2929 ab-

1458 2959 1730 3008 scissurum
1755 2965 1933 3022 putem
1952 2956 2130 3015 fuisse,
2147 2957 2285 3020 (nam
2308 2954 2422 3006 fere
2446 2957 2524 3006 sic

1459 3035 1603 3086 docti
1633 3035 2018 3100 judicaverunt,
2054 3033 2328 3096 plurimum
2369 3032 2418 3081 in
2459 3048 2523 3083 eo

1461 3112 1729 3174 virtutum,
1746 3110 1975 3161 nonnihil
1991 3108 2149 3159 fuisse
2172 3109 2440 3159 vitiorum:
2467 3117 2524 3161 et

1459 3204 1517 3240 se
1550 3190 1664 3254 ipse
1697 3190 1859 3238 multa
1897 3202 1962 3237 ex
2002 3187 2093 3236 illa
2122 3185 2339 3249 juvenili
2364 3185 2524 3235 abuu-

1460 3266 1641 3316 dantia
1681 3265 1972 3315 coercuisse
2015 3269 2241 3313 testatur
2256 3260 2297 3326 3)
2350 3270 2522 3312 tamen

1460 3342 1664 3408 qnando
1684 3356 1782 3391 nec
1807 3339 2053 3405 sapientis
2075 3337 2175 3388 sibi
2206 3352 2410 3400 nomeu,
2431 3338 2525 3387 mi-

1459 3419 1595 3468 nime
1620 3417 1698 3467 sui
1719 3423 2028 3476 contemtor,
2058 3415 2294 3477 asseruit,
2327 3421 2385 3464 et
2419 3429 2524 3466 me-

1456 3493 1554 3543 lius
1574 3492 1748 3542 dicere
1769 3497 1917 3540 certe
1935 3489 2063 3540 data
2081 3490 2311 3553 longiore
2336 3490 2445 3540 vita
2466 3499 2526 3541 et

1458 3575 1618 3618 aetate
1636 3568 1701 3617 ad
1717 3565 2128 3630 componendum
2154 3566 2410 3615 securiore
2433 3579 2526 3631 po-

1458 3642 1682 3703 tuisset,’
1702 3647 1803 3691 dcc.
1874 3641 1945 3691 At
1967 3656 2084 3690 cum
2109 3642 2293 3691 Fabius
2316 3656 2525 3706 compo·

1460 3719 1566 3769 suit
1586 3718 1941 3768 institutiones
1962 3719 2231 3779 oratorias,
2252 3734 2317 3767 ex
2341 3719 2525 3783 quibus

1459 3795 1666 3857 genium
1689 3795 1803 3856 eJus
1825 3792 2125 3856 dignoscere
2148 3801 2204 3843 et
2226 3807 2525 3856 comparare

1458 3885 1578 3920 cum
1602 3871 1803 3933 dialogo
1823 3870 2205 3930 constituimus,
2219 3871 2329 3932 jam
2350 3869 2527 3919 senior

1453 3945 1575 4008 fait,
1589 3946 1700 4010 jam
1724 3947 1946 4009 gravior,
1973 3948 2084 4008 jam
2109 3955 2340 3995 maturus
2361 3946 2526 4011 aunis,

1457 4028 1515 4071 et
1536 4029 1644 4071 tum
1670 4037 1764 4086 par
1785 4015 1941 4070 etiam
1961 4022 2126 4070 oratio
2145 4023 2258 4084 ejus
2282 4037 2372 4071 seu
2390 4036 2523 4086 proea-

1457 4098 1635 4163 ceptio
1656 4096 1772 4148 fult.
1838 4098 2108 4147 Praeterea
2130 4099 2281 4161 longe
2320 4098 2422 4147 alia
2444 4112 2524 4146 re·

1459 4174 1534 4223 tio
1570 4180 1651 4224 est
1687 4173 2083 4237 elegantissimae
2117 4173 2379 4235 orationis,
2418 4187 2522 4237 qua

1455 4250 1726 4316 loquentes
1743 4250 2057 4301 iudueuntur
2088 4248 2410 4301 celeberrimi
2431 4248 2522 4300 bu-
