3000 4859
1004 431 1412 500 Auernum,
1465 437 1638 489 on.
1668 426 1780 491 36.

2323 417 2534 497 3571

1290 650 1510 708 NOTAE.

278 779 350 836 „ta
369 777 545 826 antem
573 790 767 840 pugna,
789 778 907 841 jam
926 779 1127 844 equites
1147 787 1203 831 et
1223 783 1358 833 covi-

224 877 228 881 *
288 851 429 901 barii
449 855 747 912 miscentur,
781 854 872 903 sed
894 856 1067 912 verbis
1102 858 1177 907 sic
1200 858 1357 908 corri-

294 928 497 991 gendis.
565 929 769 990 Interim
790 933 996 995 equitum
1039 939 1207 983 turma
1240 935 1359 1001 effit-

292 1005 421 1067 ἀπε,
439 1011 490 1055 et
510 1007 741 1055 cociam-ii
758 1009 970 1071 peditum
991 1024 1040 1058 se
1057 1012 1224 1073 prelio
1245 1012 1358 1061 mis·

290 1095 445 1131 encre.
524 1081 635 1131 Aut
679 1084 869 1145 potius,
907 1089 1076 1134 turmoe
1109 1084 1275 1149 effusae
1310 1093 1359 1137 et

288 1157 541 1207 ewinaris’.
624 1157 873 1211 Profecto
894 1160 1005 1223 jam
1048 1171 1360 1226 pugnarunt,

292 1239 352 1282 et
397 1246 619 1296 sequens
656 1235 884 1283 narratio
926 1242 1038 1285 tota
1077 1236 1234 1286 dicit:
1283 1244 1359 1287 at·

293 1307 472 1358 tende.
536 1309 743 1372 Lipsius.

359 1383 575 1446 Fugere]
609 1385 767 1433 Certe
788 1385 886 1448 ipsi
926 1387 1130 1450 equites
1151 1389 1355 1439 Britan-

290 1473 476 1509 norum
531 1467 586 1508 et
630 1462 876 1510 covinarii
932 1462 1192 1515 debebant
1244 1465 1357 1517 fere

290 1535 511 1585 eandem
554 1537 717 1585 aciem
740 1538 1077 1602 constituere,
1116 1542 1357 1592 eandem-

291 1625 395 1676 que
434 1617 675 1676 pagum,
714 1627 919 1677 nempe,
961 1624 1272 1681 equestrem,
1292 1634 1359 1668 st-

291 1689 399 1736 mul
444 1696 668 1749 certare,
705 1697 762 1738 et
799 1690 979 1738 eodem
1019 1689 1131 1739 fere
1166 1694 1354 1744 modo:

202 1791 215 1802 ·
292 1762 559 1813 debebant
575 1766 712 1813 enim
743 1764 906 1814 instar
929 1768 1168 1829 procellae
1192 1783 1356 1819 erum·

282 1837 441 1905 pere,
472 1840 723 1905 simulque
766 1842 945 1903 impetu
976 1840 1112 1900 facto
1151 1857 1353 1908 perum-

292 1931 421 1982 pere
445 1918 606 1967 aciem
631 1918 783 1967 Rom.

356 1996 428 2044 Et
449 2009 513 2045 eo
536 1995 747 2044 consilio
770 1993 921 2043 simul
946 1994 1185 2059 dispositi
1203 1996 1354 2047 initio

288 2073 459 2138 prelii
498 2072 736 2123 fuerant:
771 2073 787 2100 ‘
810 2073 978 2123 media
1009 2078 1178 2140 campi
1217 2078 1355 2126 covi-

290 2150 467 2200 narius
488 2158 544 2199 et
565 2165 721 2215 eques
756 2145 979 2213 strepitu
1018 2168 1079 2202 ac
1119 2153 1352 2205 discursu

289 2227 622 2292 complebat!
691 2227 763 2276 At
782 2228 989 2291 primum
1009 2245 1194 2292 agmen,
1214 2246 1352 2282 uem·

292 2319 360 2370 pe
382 2304 640 2368 peditum,
658 2306 711 2352 in
726 2320 874 2368 oequo,
905 2307 1051 2353 ceteri
1080 2321 1166 2369 per
1185 2310 1355 2357 acclive

276 2378 455 2443 jugum
500 2380 751 2443 dispositi,
773 2387 828 2429 et
863 2380 1094 2443 praeliuin
1117 2382 1303 2445 incipit
1324 2399 1355 2432 a

288 2456 575 2521 peditibus,
624 2456 712 2521 qui
756 2457 814 2505 in
855 2472 984 2521 equo
1037 2458 1354 2519 obstiterant,-

289 2533 476 2596 quibus
501 2532 669 2595 victis,
701 2531 889 2581 itur'ad
923 2532 1126 2596 pedites
1162 2533 1250 2598 qui
1269 2549 1355 2598 per

287 2607 462 2658 acelitn
497 2609 672 2671 jum
721 2607 919 2656 conus-i
971 2609 1094 2656 velut
1138 2610 1353 2671 insurge-

288 2689 432 2742 rent3
465 2685 577 2734 scil.
619 2685 672 2732 ιἰι
709 2685 904 2747 speciem
939 2683 1080 2732 simul
1115 2699 1170 2733 ac
1204 2689 1352 2733 terro·

288 2777 408 2825 rem,
434 2762 521 2827 qui
566 2760 748 2810 eodem
788 2762 982 2825 impetu
1025 2760 1355 2812 simul‘tructi

288 2853 351 2888 ae
386 2837 648 2903 profligati
674 2845 808 2890 sunt.

356 2914 561 2964 Interim
610 2917 816 2976 equitum
847 2918 1017 2962 eurmoe
1053 2913 1246 2976 fugere.
1281 2914 1357 2965 At

290 2989 552 3056 quomodo
584 2988 844 3052 fugerent,
869 2990 955 3054 qui
976 2989 1201 3038 noudum
1223 3004 1355 3053 ιιι-,ω-

288 3067 361 3117 lio
385 3064 615 3115 lacessiti
653 3067 810 3114 suut?
843 3065 1008 3114 Immo
1034 3066 1205 3130 potius
1240 3081 1354 3116 eru-

290 3156 418 3206 pere
439 3142 659 3205 equites,
684 3148 741 3188 ut
763 3149 817 3190 et
840 3142 1111 3204 covinarii,
1134 3157 1249 3191 cum
1267 3157 1354 3207 pe·

288 3217 426 3267 dites
449 3231 567 3266 suos
606 3223 849 3266 nutantes
873 3224 929 3267 et
947 3218 1191 3282 impulsos
1212 3219 1354 3268 vide-

292 3300 436 3356 runt,
456 3301 513 3342 et
549 3293 602 3341 iu
622 3292 802 3343 eadem
825 3293 938 3343 acie
973 3294 1173 3359 equites
1194 3301 1249 3344 et
1272 3310 1355 3344 co-

289 3370 475 3420 vinarii
516 3368 784 3432 dispositi;
839 3375 949 3419 tum
1005 3376 1076 3434 at,
1129 3371 1356 3419 eovinurii

285 3448 504 3514 peditem
539 3461 590 3495 se
619 3446 786 3508 prelio
825 3445 1065 3503 miscuere,
1088 3460 1275 3510 nempe
1296 3452 1355 3495 ut

290 3524 556 3574 labantem
592 3536 799 3571 suorum
825 3520 986 3570 aciem
1027 3522 1358 3572 sustinerent.

292 3599 489 3652 Quidni
512 3604 568 3648 et
602 3599 818 3661 equites,
857 3597 941 3660 qui
964 3596 1111 3644 simul
1150 3597 1204 3643 in
1246 3597 1358 3644 acie

293 3674 523 3725 ordinati
543 3674 699 3722 etiam
724 3688 776 3721 se
806 3673 935 3735 ipsis
973 3671 1353 3735 adjungerent?

294 3752 367 3801 Et
383 3756 528 3800 certe
563 3747 717 3811 infra,
749 3749 764 3774 ‘
788 3749 995 3797 minime
1028 3748 1278 3812 equestris
1296 3763 1359 3797 ea

295 3842 488 3892 pugnoe
522 3823 681 3874 facies
702 3824 732 3873 ι’
766 3839 890 3886 ergo
927 3832 1033 3873 tum
1058 3824 1359 3889 pugnabunt

296 3903 453 3952 etiam
471 3901 662 3964 equites.

358 3979 531 4046 Igitur
575 3980 656 4027 bic
698 3977 933 4040 legerim,
972 3991 1225 4038 erumpere,
1269 3981 1361 4024 aut

299 4057 374 4106 sic
399 4056 573 4105 deleta
597 4070 721 4103 voce
750 4054 956 4115 sugere.-
993 4051 1194 4100 Interim
1234 4053 1361 4113 equi-

300 4139 402 4183 tum
424 4138 615 4192 turma,
636 4130 734 4196 <ibi
777 4129 1074 4191 conjunctio
1094 4132 1141 4176 et
1186 4127 1358 4175 subin-

300 4205 613 4273 telligenda)
666 4215 723 4255 et
775 4205 1005 4255 covinarii
1055 4204 1266 4266 peditum
1312 4216 1360 4251 se

294 4283 466 4349 prelio
487 4281 734 4345 nexum,
752 4284 800 4330 et
842 4293 1100 4344 quanqum
1129 4282 1361 4328 recentem

1437 788 1664 833 terrorem
1713 785 1990 848 intulerant,
2033 783 2302 850 (Romanis
2355 787 2497 856 scil.)

1435 859 1593 910 densis
1610 865 1770 911 tamen
1793 862 1997 911 Ιιοιείιιπι
2031 861 2317 926 agminibus,
2357 866 2498 929 quod

1437 934 1723 998 intelligam
1744 938 1919 1002 potius
1961 936 2026 986 de
2061 936 2348 1000 agminibus
2385 954 2499 991 suo·

1439 1025 1552 1061 rum
1575 1013 1826 1076 peditum,
1849 1013 2032 1078 quibus
2066 1027 2122 1062 se
2162 1013 2497 1076 miscuerant,

1441 1102 1594 1151 quam
1633 1088 1700 1138 de
1719 1090 1982 1152 Romanis,
2001 1105 2032 1139 a
2054 1088 2238 1154 quibus
2271 1090 2497 1142 nondum

1439 1163 1829 1226 retinebantur;
1860 1165 1982 1229 (nisi
2006 1171 2188 1229 postea
2222 1164 2359 1216 forte
2380 1182 2498 1217 cum

1437 1237 1563 1301 ipsis
1609 1248 1944 1291 occurrerent
1985 1243 2036 1290 in
2084 1241 2262 1305 praelio
2306 1249 2362 1292 et
2415 1243 2495 1294 bis
2589 1299 2599 1308 ,

1435 1313 1871 1379 impingerentur3
1913 1324 1968 1366 at
2024 1323 2131 1365 tum
2185 1330 2288 1365 non
2342 1319 2497 1368 modo

1435 1388 1695 1455 herebant,
1730 1393 1821 1442 sed
1855 1399 1911 1443 et
1934 1393 2126 1442 aeriter
2160 1394 2495 1456 impelleban-

1436 1472 1524 1515 tur
1527 1467 1568 1532 ‚)
1590 1469 1679 1518 sed
1703 1475 1812 1519 tum
1847 1469 2068 1534 propriis
2109 1468 2375 1530 agminibus
2405 1470 2496 1519 im-

1439 1542 1606 1605 pediti
1627 1544 1882 1594 hoerebant.

1504 1619 1660 1670 Quod
1682 1627 1829 1683 patet
1850 1620 2006 1669 etiam
2029 1634 2095 1668 ex
2117 1619 2194 1669 his
2217 1619 2418 1682 ἰοῦ-τῃ(
2436 1627 2497 1672 ut

1438 1709 1697 1760 quemque
1739 1697 1961 1747 formido
1998 1697 2207 1759 tulerat,
2241 1703 2496 1747 transver-

1436 1784 1520 1820 sos
1556 1780 1648 1820 aut
1687 1771 1864 1823 obvios
1908 1771 2278 1834 incursabant,’
2308 1786 2497 1836 nempe

1436 1854 1664 1897 suosmet
1680 1847 2000 1911 incursabant,
2020 1848 2224 1898 sibimet
2243 1847 2420 1897 infesti
2440 1848 2497 1897 in

1434 1922 1577 1985 acie3
1614 1925 1667 1973 in
1718 1940 1822 1989 qua
1872 1927 2133 1974 sententia
2187 1930 2242 1974 et
2288 1923 2496 1988 Lipsius

1432 1997 1554 2049 fuit.
1621 2002 1757 2050 Nam
1801 2002 2040 2051 damnum
2083 2002 2158 2050 ibi
2200 2008 2256 2051 et
2294 2001 2497 2050 cladem

1432 2076 1662 2140 ipsorum
1685 2077 2049 2127 Britannorum
2073 2083 2252 2127 narrat
2266 2077 2497 2140 Tacitus,

1431 2152 1572 2215 quod
1604 2152 1705 2201 illis
1739 2160 1908 2203 tamen
1934 2153 2120 2202 damno
2152 2167 2254 2201 non
2292 2149 2497 2215 fuisset,

1431 2228 1477 2278 si
1498 2234 1787 2279 transversa
1829 2232 2085 2280 Romanos
2127 2228 2499 2279 incurrissent:

1434 2305 1571 2369 quod
1594 2307 1859 2370 praecipue
1898 2305 2132 2355 curribus
2173 2303 2381 2354 falcatis
2419 2306 2496 2353 in-

1433 2382 1572 2430 vecti
1630 2383 1874 2431 volebant
1918 2381 2158 2431 barbari:
2212 2381 2366 2431 immo
2418 2381 2494 2430 sic

1431 2454 1568 2507 forte
1591 2458 1707 2506 illos
1746 2459 2100 2521 perrupissent
2124 2473 2184 2507 ac
2226 2445 2496 2523 profligas-

1433 2541 1569 2597 sent,
1588 2535 1772 2584 saltem
1792 2535 1834 2583 si
1873 2535 2148 2597 compositi
2184 2539 2240 2583 et
2276 2533 2497 2584 conferti

1432 2608 1614 2660 ordine
1648 2609 1917 2660 starentin
1956 2609 2065 2658 acie
2086 2615 2497 2673 pugnarentque.

1498 2687 1685 2751 Itaque
1737 2701 1946 2735 suorum
2002 2683 2290 2748 agminibus
2330 2683 2496 2733 baere-

1434 2763 1561 2812 bant
1582 2763 1842 2828 impediti,
1866 2768 1923 2811 ut
1952 2767 2008 2810 et
2026 2759 2331 2823 inoequnlibuae
2350 2759 2464 2808 loeis
2478 2775 2498 2816 ,-

1433 2851 1534 2886 nec
1558 2853 1622 2887 ea
1647 2838 1697 2887 vi
1724 2835 2145 2901 prorumpebant,
2158 2849 2260 2899 qua
2281 2835 2495 2895 vellent,

1437 2919 1493 2962 et
1514 2928 1614 2977 qua
1627 2913 1801 2961 hostes
1820 2912 2088 2973 impellere
2110 2916 2339 2975 possent.
2373 2910 2497 2958 Hae·-

1433 2989 1621 3037 rebant
1639 2986 1948 3050 inoequalibm
1978 2986 2112 3047 locis,
2158 2984 2250 3032 ubi
2285 2996 2496 3032 suorum

1434 3065 1668 3129 peditum
1705 3062 1909 3126 agmina
1943 3059 2307 3122 constiterant,
2349 3062 2403 3106 et
2440 3057 2494 3133 in

1433 3140 1549 3189 baec
1585 3140 1698 3188 loca
1732 3137 2000 3203 inaequalia
2021 3149 2077 3184 se
2114 3141 2309 3185 temere
2330 3133 2495 3183 immi-

1436 3221 1610 3265 serant
1644 3211 1843 3278 equites
1879 3218 1934 3260 et
1971 3209 2251 3269 covinarii3
2287 3212 2347 3258 ut
2383 3209 2495 3258 scil.

1434 3291 1668 3355 peditum
1691 3302 1893 3338 suorum
1912 3293 2183 3335 nutantem
2203 3284 2368 3333 aciem
2390 3297 2495 3333 sus·

1436 3368 1692 3417 tinerent:
1728 3370 1785 3414 et
1818 3362 2001 3412 mediis
2025 3357 2261 3425 pediturn
2281 3360 2496 3423 agmini-

1435 3442 1551 3504 bus,
1595 3457 1685 3491 seu
1730 3454 1954 3500 suorum,
1985 3452 2076 3486 seu
2119 3451 2237 3485 mox
2275 3434 2497 3504 hostiam,
2537 3449 2550 3464 ·

1438 3519 1783 3567 Romanorum
1823 3515 1931 3564 scil.
1955 3511 2353 3574 etjnoequalibss
2386 3510 2498 3559 locis

1437 3608 1554 3643 cum
1594 3593 1752 3641 defixi
1794 3589 1905 3640 fere
1947 3595 2167 3648 starent,
2207 3602 2270 3635 ea
2305 3583 2496 3636 minime

1435 3670 1661 3733 equestris
1677 3682 1850 3730 ρας-παι
1860 3665 2016 3724 facies
2036 3670 2158 3714 erat.
2197 3664 2331 3712 Nam
2354 3663 2497 3711 velut

1435 3746 1488 3793 in
1507 3745 1665 3806 gradu
1687 3750 1741 3791 et
1764 3743 1813 3789 in
1830 3741 2047 3804 vestigio
2065 3746 2264 3801 stantes,
2280 3745 2337 3789 et
2348 3739 2497 3802 quasi

1437 3819 1596 3869 defixi
1641 3824 1694 3868 et
1738 3817 1935 3867 immoti
1974 3832 2200 3880 pugnare
2245 3812 2497 3876 cogeban-

1439 3903 1560 3956 tur;
1600 3900 1656 3943 et
1692 3901 1798 3944 tum
1835 3892 2036 3958 equites
2061 3908 2088 3940 e
2111 3892 2244 3938 clivo
2275 3889 2381 3949 illo,
2402 3901 2496 3938 seu

1439 3974 1568 4024 locis
1593 3972 1786 4035 arduis,
1805 3971 1945 4019 simul
1967 3983 2082 4017 cum
2134 3980 2357 4029 equorum
2395 3978 2497 4012 cor·

1435 4051 1627 4114 poribus
1680 4047 2052 4112 impellebantur,
2117 4039 2498 4102 sternebantur,

1440 4134 1497 4176 et
1532 4124 1667 4175 intra
1708 4123 1894 4173 collem
1935 4118 2329 4181 dejiciebantur.
2408 4115 2496 4164 Sic

1441 4201 1675 4251 similiter
1698 4206 1752 4249 et
1773 4203 1998 4247 rectores
2035 4206 2277 4243 curruum
2318 4192 2496 4242 statim

1440 4275 1620 4328 afflicti
1644 4272 2011 4341 prostratique.
2076 4268 2217 4321 Hinc
2243 4281 2364 4333 sape
2384 4269 2498 4331 vag-i
