3000 4859
533 385 707 455 3556

537 548 619 616 In
646 547 796 631 ipsa
818 543 1110 609 hostium
1141 538 1723 608 acieinveniemus
1751 541 2009 620 nostras
2037 553 2267 600 manus
2287 533 2332 598 ιθ
2375 537 2742 615 agnoscent„

539 645 845 714 Britanni
876 664 1069 709 suam
1099 662 1417 707 causam:
1460 639 1974 704 recordabuntur
2004 636 2188 701 Galli
2229 637 2517 720 priorem
2543 635 2743 698 liber-

536 755 781 815 tatem:
827 748 1127 811 deserent
1154 744 1303 810 illos
1333 742 1531 807 ceteri
1559 739 1902 818 Germani,
1934 743 2251 821 tanquam
2277 757 2486 821 nuper
2507 734 2741 820 Usipii

537 851 960 934 reliquerunt.
1050 846 1201 911 Nec
1252 845 1609 929 quicquam
1659 843 1828 907 ultra
1875 840 2286 905 formidinis:
2331 858 2550 903 vacua
2593 857 2744 902 cas-

538 948 751 1030 tella,¹‘
803 969 1034 1016 senum
1086 945 1412 1024 (1010111111,ι
1477 946 1646 1010 inter
1719 943 1892 1007 male
1955 947 2312 1025 parentesm
2375 946 2445 1005 et
2500 941 2746 1025 injuste,

538 1055 967 1137 imperantes,
1000 1055 1240 1132 aegra¹0
1282 1048 1685 1130 municipia¹¹
1728 1053 1794 1111 et
1851 1043 2336 1108 discordantia:
2380 1040 2492 1108 hic
2527 1041 2748 1133 Dux,⁰

539 1154 649 1218 hic
676 1154 1040 1217 exercitus:
1084 1151 1181 1214 ibi
1228 1149 1471 1213 tributa
1520 1152 1589 1211 et
1616 1145 1886 1210 metalla
1929 1149 1997 1208 et
2045 1148 2281 1208 ceterae
2315 1141 2747 1206 servientium

540 1273 801 1339 poenae:
847 1253 1116 1337 quasin
1143 1256 1455 1316 aeternum
1484 1249 1890 1332 perferre,¹¹¹’
1933 1250 2048 1309 aut
2095 1242 2315 1308 statim
2363 1242 2626 1321 ulcisci,
2675 1242 2750 1305 in

1249 397 1315 446 C.
1362 393 1725 445 CORNELII
1769 391 2024 444 'raom

543 1416 657 1468 acie
678 1418 826 1466 Rom.
849 1421 1050 1465 nostras
1073 1414 1305 1474 dextras,
1326 1413 1477 1471 vires,
1512 1417 1570 1463 et
1603 1413 1794 1476 copias.
1865 1411 1975 1461 Huc
2011 1411 2256 1460 duvrent
2288 1406 2551 1469 Britanni,
2595 1411 2646 1455 et
2680 1405 2749 1455 ad

544 1495 748 1532 calisam
770 1487 1088 1530 communem
1123 1478 1427 1541 respicient:
1462 1478 1783 1528 revocabunt
1805 1475 2106 1524 inanimum
2129 1473 2269 1524 Galli
2299 1472 2574 1535 pristinam
2594 1472 2748 1520 liber·

543 1553 708 1596 tatem
726 1560 741 1605 ;
776 1545 891 1593 illos
915 1545 1044 1594 telin
1081 1551 1205 1593 nent
1226 1542 1313 1592 alii
1337 1541 1603 1604 Germani,
1624 1547 1682 1589 nt
1703 1555 1869 1604 nuper
1886 1539 2058 1602 Usipii
2077 1537 2435 1611 deseruerunt.
2501 1536 2622 1585 Nec
2644 1536 2748 1583 ulla

545 1617 734 1674 postea
755 1607 1008 1668 formido,
1086 1608 1300 1656 estituta
1321 1606 1574 1669 praesidiis
1596 1605 1829 1665 castella,
1849 1611 2208 1653 veteranorum
2236 1602 2458 1650 invahdoe
2480 1604 2594 1650 sunt
2615 1600 2752 1650 colo·

548 1674 667 1734 nia’,
691 1674 827 1722 inter
852 1688 992 1736 aegre
1017 1673 1365 1748 obsequentes
1389 1677 1444 1721 et
1480 1671 1658 1734 inique
1696 1668 2073 1733 imperitantes,
2096 1667 2229 1716 male
2269 1666 2497 1741 animata
2536 1664 2747 1727 oppida,

547 1744 706 1801 atque
739 1737 1018 1786 seditiosa:
1051 1736 1137 1785 bic
1163 1742 1463 1799 imperator,
1494 1735 1578 1784 bic
1611 1734 1869 1796 legiones:
1905 1731 2025 1782 istic
2059 1731 2336 1793 vectigalia
2358 1735 2414 1777 et
2455 1729 2668 1779 metalla
2698 1733 2750 1776 et

546 1802 761 1878 reliqum
785 1801 1132 1864 subjectorum
1158 1814 1400 1849 aerumnae
1421 1816 1434 1848 :
1471 1813 1601 1864 quas
1630 1800 1682 1848 in
1707 1803 2014 1862 perpetuum
2037 1797 2317 1844 extendere
2338 1793 2488 1856 vebia,
2521 1799 2616 1842 aut
2636 1806 2752 1841 con·

542 1864 723 1917 festini
749 1865 1014 1915 vindicare
1034 1866 1089 1914 in
1110 1864 1206 1914 1100
1226 1863 1512 1914 certamine
1536 1864 1680 1914 licet.
1746 1862 1935 1926 Igitur,
1952 1859 2206 1910 incessuri
2238 1873 2363 1908 nm
2398 1857 2466 1907 ad
2501 1870 2750 1922 pugnam,

1473 2011 1740 2033 OOOOOOOO
1743 2010 1831 2030 m

550 2123 613 2168 10
662 2118 749 2169 Ita
800 2119 935 2169 bene
980 2120 1107 2172 Mss.
1157 2119 1330 2169 Vatic.
1431 2120 1495 2169 In
1547 2117 1812 2169 veteribus
1853 2115 2185 2177 editionibus,
2223 2128 2356 2177 erga.
2452 2109 2753 2162 Brutia.—

551 2186 605 2231 11
648 2182 913 2232 Brotierus
951 2199 1067 2233 cum
1113 2185 1313 2247 Ryckio
1351 2190 1407 2233 et
1448 2185 1678 2233 Gronov.
1710 2180 1944 2245 proferre.
1998 2181 2103 2232 Ms.
2125 2179 2296 2230 Vatic.
2333 2179 2481 2230 ³429.
2519 2176 2750 2241 perferre.

551 2245 779 2312 Reposui
803 2261 917 2296 cum
939 2248 1151 2311 Bipont.
1221 2248 1385 2298 Oberl.

1546 2358 1760 2410 NOTAE

609 2453 626 2496 ³
676 2455 967 2505 Inveniemus
1008 2461 1191 2506 naum
1232 2455 1416 2519 mnus]
1492 2455 1614 2506 illos
1694 2470 1835 2518 aegra
1870 2454 2098 2505 civitatis
2130 2452 2355 2504 indicia!
2426 2451 2594 2501 Varro
2618 2449 2755 2516 apud

549 2530 749 2581 scilicet
782 2531 980 2596 Gallos,
995 2531 1300 2594 Germanos,
1330 2540 1386 2582 et
1408 2532 1614 2581 Britan·
1693 2531 1951 2581 Nonium:
1983 2532 1999 2558 ‘
2024 2531 2384 2582 Distractione
2403 2530 2599 2580 civium
2620 2530 2755 2580 elu-

549 2619 644 2656 nos
667 2606 960 2670 plerosque,
990 2621 1117 2670 quos
1153 2614 1322 2656 metus
1346 2613 1400 2656 et
1424 2612 1615 2669 terror,

548 2683 569 2744 ‘.
588 2681 789 2731 infirma
809 2683 1012 2731 vincula
1030 2683 1297 2747 caritatis,'
1313 2683 1364 2732 in
1393 2697 1612 2746 praesen·

551 2757 738 2810 tiarum
762 2758 1051 2807 continent.
1125 2759 1415 2820 Vin-dangu.

618 2829 818 2894 Manus]
874 2834 1124 2883 catervas
1146 2840 1367 2894 nostras,
1388 2850 1507 2899 qua
1530 2834 1614 2884 vel

551 2907 721 2960 minus
763 2909 951 2958 acriter
989 2910 1312 2974 pugnabunt,
1334 2911 1415 2960 vel
1456 2911 1616 2960 etiam

553 2983 621 3032 ad
643 2998 737 3033 nos
763 2986 1055 3035 transibunt
1075 3003 1089 3048 ;
1122 2988 1315 3051 quippe
1334 2995 1616 3051 agnoscent

552 3060 828 3109 ‘Britanni
871 3076 1014 3111 suam
1060 3064 1302 3125 causam,’
1344 3072 1402 3113 et
1439 3071 1616 3127 partes

549 3148 687 3185 siras.
756 3138 840 3185 Sic
884 3144 941 3186 et
981 3140 997 3167 ‘
1031 3140 1437 3189 recordabuntur
1475 3139 1617 3193 Gaui

553 3211 779 3273 priorem
802 3211 1096 3261 libertatem
1117 3213 1151 3262 :’
1184 3215 1258 3263 sic
1293 3222 1348 3263 et
1365 3214 1617 3264 Germani

552 3284 669 3336 illos
691 3287 1002 3351 relinquent.

619 3358 646 3392 ¹¹
669 3360 826 3409 Vacua
847 3363 1058 3425 castella]
1092 3363 1314 3426 Nempe,
1333 3371 1392 3412 nt
1414 3371 1618 3414 contra-

555 3431 770 3482 heretur
815 3435 920 3498 ille,
963 3437 1049 3500 qui
1099 3438 1297 3499 aderat,
1336 3441 1616 3505 exercitus,

556 3508 766 3560 deserta
788 3513 1039 3574 praesidiis
1061 3515 1166 3562 suis
1189 3514 1422 3567 castella.

622 3584 634 3617 ¹
658 3586 832 3636 Senum
853 3590 1065 3652 colonica]
1112 3589 1368 3656 Intelligit
1391 3593 1617 3643 colonias

556 3667 935 3712 veteranorum.
994 3666 1265 3716 manas.

623 3744 657 3769 ¹¹¹
683 3738 814 3786 Male
841 3740 1082 3801 parentes]
1141 3742 1427 3792 veteranos
1453 3749 1624 3804 taxat,

557 3817 619 3862 ut
641 3812 727 3877 qui
752 3814 1072 3875 lascivirent,
1091 3824 1147 3865 et
1179 3817 1389 3868 licentia
1412 3820 1624 3869 militari

557 3886 900 3938 abuterentur
923 3890 974 3938 in
999 3891 1282 3941 discordias
1311 3903 1365 3942 et
1390 3895 1624 3958 pervica-

560 3963 694 4013 ciam
740 3964 987 4014 adversus
1019 3966 1212 4026 duces:
1247 3968 1330 4015 vel
1354 3970 1509 4017 etiam
1542 3983 1623 4019 re·

560 4039 721 4103 spicit
742 4039 808 4090 ad
825 4057 958 4104 oegra
973 4042 1245 4104 municipia.

625 4122 651 4148 ⁸
688 4117 849 4178 AEgra
902 4117 1180 4181 municipia]
1242 4117 1330 4167 Sic
1387 4118 1625 4181 Senecae,

556 4189 580 4220 ‘
616 4191 974 4266 conviviorum
1018 4192 1221 4245 luxuria
1263 4207 1326 4245 ac
1379 4194 1626 4262 vestium,

1694 2606 1898 2670 guescit
1943 2607 2134 2656 bonum
2189 2606 2453 2670 proprium
2509 2604 2756 2665 civitatis,

1693 2689 1852 2746 atque
1866 2690 2121 2747 aegrotare
2139 2682 2321 2745 incipit
2334 2687 2388 2729 et
2402 2678 2758 2730 consenescit!

1693 2758 2106 2807 Demosthenes:
2132 2757 2180 2805 al
2200 2756 2251 2806 δὲ
2272 2755 2436 2806 πόλεις
2457 2753 2674 2806 ἐγὼ-ουκ
2696 2754 2760 2805 ci·

1695 2833 1866 2881 cientes
1883 2833 2040 2882 morbo
2055 2833 2346 2884 laborabant.

1707 2939 1714 2946 -
1762 2908 1941 2971 Εἶτα]
1987 2910 2142 2971 Quia,
2174 2910 2286 2958 scil.
2308 2908 2584 2958 discordiis
2605 2913 2662 2957 et
2681 2921 2757 2958 se-

1696 2982 1976 3034 ditionibus
2013 2985 2352 3036 laborabant:
2397 2987 2524 3049 qnia
2567 2985 2759 3049 injusta

1696 3061 1885 3111 ducum
1907 3062 2140 3125 imperia,
2177 3070 2232 3113 et
2274 3062 2396 3127 qnia
2438 3061 2580 3110 male
2614 3061 2760 3110 obse-

1696 3136 1987 3200 quebantur
2009 3143 2066 3186 et
2086 3137 2311 3201 subjecti
2333 3141 2388 3186 et
2410 3136 2624 3194 milites.

1759 3211 1898 3260 ⁰Hie
1924 3211 2068 3273 Dux]
2105 3212 2219 3260 Hoc
2235 3225 2439 3274 campo,
2459 3210 2560 3260 boc
2575 3210 2760 3274 ‘prelio

1696 3300 1874 3336 omnes
1893 3300 2021 3350 opes
2056 3288 2294 3351 viresque
2321 3287 2563 3345 bostium,
2581 3286 2630 3335 si
2649 3286 2759 3336 vin·

1695 3363 1889 3422 cimus:
1930 3371 1984 3412 et
2004 3377 2181 3412 omnes
2216 3363 2372 3414 etiarn
2401 3376 2570 3426 poenae
2603 3362 2760 3411 servi-

1697 3437 1915 3499 entium,
1938 3439 1980 3487 si
2007 3439 2276 3489 vincimur.

1762 3520 1789 3554 ¹²
1813 3515 1943 3569 Quas
1982 3516 2034 3563 in
2077 3519 2303 3563 cirrum
2339 3513 2575 3577 persei-n]
2646 3513 2759 3564 Hoc

1699 3587 1764 3637 de
1799 3589 2038 3638 Romanis
2076 3589 2274 3638 dictum
2298 3598 2393 3637 est.
2455 3588 2560 3638 Aut
2596 3588 2761 3638 stetin

1699 3666 1884 3726 ulcisci,
1907 3667 2005 3714 hoc
2030 3664 2096 3713 de
2120 3666 2406 3715 Britannis.
2457 3665 2732 3715 Rhenanus-

1766 3738 2015 3808 Proferre]
2068 3739 2297 3799 Proferre
2316 3746 2362 3791 et
2385 3741 2551 3790 ulcisci·
2571 3747 2762 3790 nmm-

1704 3829 1805 3878 que
1828 3814 1893 3864 de
1915 3815 2182 3864 Britannis
2202 3815 2401 3865 dictum
2424 3821 2531 3864 est:
2558 3829 2760 3879 nempe,

1703 3898 1794 3939 ant
1818 3905 1994 3953 poenas
2026 3900 2224 3941 vestras
2264 3892 2317 3940 in
2357 3899 2608 3941 aternum
2649 3906 2763 3956 pro·

1704 3964 1901 4027 feretis,
1920 3981 1954 4015 0
1986 3967 2243 4031 Britanni,
2265 3969 2309 4016 si
2333 3967 2512 4032 ignavi
2543 3968 2671 4017 estis
2708 3967 2763 4016 in

1701 4044 1799 4094 1100
1818 4044 2013 4109 praelio,
2029 4051 2120 4093 ant
2135 4045 2312 4094 statim
2329 4046 2496 4096 alcisci
2518 4060 2610 4096 eas
2623 4047 2766 4106 lieet,

1703 4118 1745 4167 si
1767 4132 1856 4170 vos
1893 4120 1947 4170 in
1967 4118 2066 4169 boc
2097 4134 2284 4184 campo
2305 4117 2520 4171 fortiter
2549 4120 2765 4185 gesneri?

1706 4194 1796 4248 tis.
