3000 4859
1002 366 1413 427 Acamans,
1459 365 1624 414 cu.
1651 349 1762 415 40.
2306 341 2520 414 8583

282 511 627 606 honorem*
653 515 723 576 et
747 510 1063 594 quicquid
1091 530 1214 594 pro
1242 508 1616 591 triumphow
1643 505 1880 587 datur‚’
1899 507 2107 572 multo
2133 506 2484 570 verborum

284 613 530 678 honore
576 611 936 690 cumulata,
987 612 1244 675 decerni
1291 613 1362 674 in
1423 611 1670 674 Senatu
1712 611 1944 693 jubet:
1994 608 2332 690 additquc¹
2387 607 2487 670 in-

290 735 488 799 super
546 715 951 797 opinionem,
994 714 1252 796 Syriam
1297 712 1706 794 provinciam
1765 709 2093 792 Agricolae
2152 707 2487 784 destinari3

291 834 576 880 vacuam
621 820 761 879 tum
807 819 1014 878 morte
1063 793 1256 877 Atilii
1308 812 1492 888 Rufi,
1527 810 1943 887 Consularis,
1989 813 2055 872 et
2099 807 2491 889 majoribus¹

294 981 481 1026 statum
521 975 697 1038 decus,
734 984 790 1026 et
823 984 1023 1037 cetera,
1062 991 1177 1041 qnae
1213 990 1307 1042 pro
1345 974 1603 1039 triumpho
1642 973 1956 1033 tribuuntur,
1978 988 2082 1035 «μισ
2118 977 2164 1021 et
2193 970 2500 1034 amplissime

294 1038 450 1089 verbis
489 1041 721 1090 celebrata
756 1049 906 1091 suut:
961 1041 1195 1105 adficique
1225 1046 1461 1104 proeterea
1488 1039 1694 1100 sumam,
1724 1039 1858 1101 quasi
1889 1053 2001 1086 mox
2035 1036 2342 1100 impositum
2379 1038 2496 1084 esset

296 1103 573 1166 Agricolam
608 1106 767 1169 Syrioe
791 1107 1070 1170 prouincia,
1103 1121 1207 1168 qaae
1235 1111 1337 1154 tum
1369 1119 1516 1153 caasa
1549 1109 1652 1153 erat
1683 1104 1814 1153 obita
1849 1103 1997 1153 Atilii
2020 1100 2135 1166 Rufi
2154 1099 2425 1159 consular-is,
2448 1103 2498 1148 et

1228 1230 1401 1250 ‘Com
1405 1230 1654 1249 “““““

316 1351 323 1358 .
368 1318 396 1363 1
429 1313 518 1364 Sic
540 1314 797 1378 Muretus,
854 1315 955 1365 uod
990 1320 1044 1366 et
1068 1314 1257 1380 probat
1278 1316 1566 1366 Brotierus.
1631 1316 1847 1366 Retinet
1879 1322 2055 1364 autem
2087 1327 2202 1364 cum
2220 1310 2425 1376 Ryckio
2444 1315 2501 1359 et

304 1377 541 1429 Gronov.
565 1381 822 1443 vulgatam
866 1380 1143 1446 ectionem‚
1162 1381 1382 1444 addique.

1294 1511 1508 1562 NOTAE

306 1634 477 1684 otiosa
495 1633 705 1685 viatoris
728 1652 906 1687 manus
924 1639 1129 1704 plebem
1152 1639 1368 1690 verbere
1393 1702 1405 1715 ’
1449 1654 1491 1690 1.
1538 1641 1553 1668 ‘
1591 1639 1665 1688 M.
1709 1637 1941 1703 Aponius
1989 1636 2226 1687 Moesiam
2271 1634 2510 1685 obtinens

307 1711 664 1776 submovebat,
705 1721 768 1762 ut
819 1721 1078 1764 secretum
1134 1720 1275 1764 esset
1317 1716 1369 1764 in
1450 1715 1746 1780 triumphali
1787 1713 1971 1764 statua’
2027 1713 2266 1762 donatur.
2355 1709 2508 1758 Post·

309 1787 558 1852 publico)

378 1873 400 1898 ¹·
439 1865 758 1928 Triamphalia
823 1868 1121 1930 ammenta]
1191 1869 1372 1919 Palam

313 1947 416 2001 est,
436 1940 549 1990 baec
584 1956 618 1990 a
647 1941 943 1993 Domitiano
978 1946 1204 1995 tributa:
1240 1945 1376 2011 quod

313 2013 523 2064 Tacitus
547 2014 613 2064 de
635 2030 814 2067 socero
845 2032 949 2067 non
987 2020 1179 2082 potuit,
1200 2019 1378 2081 credo,

314 2088 593 2154 ignorare;
653 2097 823 2142 tamen
866 2094 968 2144 Dio
1002 2096 1116 2145 vult
1154 2110 1187 2144 a
1230 2096 1376 2145 Tito:

313 2166 331 2194 ⁴
357 2165 683 2230 Propterea‚'
718 2168 908 2232 inquit,
929 2170 945 2197 ⁸
970 2171 1277 2222 interfectus
1299 2179 1380 2221 est

320 2257 354 2314 ‚⁸
389 2242 707 2306 Domitiano,
746 2244 884 2308 quia,
924 2246 1035 2294 scil.
1068 2247 1382 2310 triumphale

320 2317 479 2368 decus
533 2328 807 2383 acceperat
861 2336 893 2369 a
942 2321 1093 2372 Tito!
1172 2323 1381 2385 Lipsius.

321 2394 499 2458 Longe
530 2394 700 2458 potior
737 2395 866 2446 fides
905 2397 1127 2447 debetur
1159 2398 1379 2448 Tacito:

324 2485 444 2521 nam
479 2485 623 2534 saepe
655 2479 833 2521 errant
854 2472 1029 2523 Graeci
1065 2479 1305 2524 auctores
1331 2474 1383 2524 iu

323 2547 482 2597 rebus
503 2546 769 2610 Romanis,
790 2553 881 2599 aut
902 2558 1047 2600 certe
1072 2549 1391 2601 abbreviato-

325 2637 411 2673 re·
434 2622 659 2673 illorum.

395 2697 723 2760 Triumphalia
752 2701 1047 2764 ommma]
1079 2700 1182 2750 Sub
1204 2701 1392 2764 priuci-

328 2773 485 2843 pi‘bus
512 2773 627 2837 jam
662 2773 793 2822 nuni
834 2775 1040 2834 ducum,
1069 2776 1300 2838 quamvis
1337 2791 1393 2825 re

332 2852 588 2915 praeclare
626 2850 868 2899 adversus
912 2850 1087 2900 bostes
1132 2857 1300 2914 gesta,
1342 2859 1397 2902 et

329 2925 518 2988 insigni
544 2925 759 2974 victoria
781 2931 952 2989 parta,
972 2927 1279 2991 triumphus,
1305 2928 1398 2976 sed

333 3003 445 3052 sola
483 3001 790 3064 triumphalia
831 3007 1102 3051 ornamenta
1153 3002 1400 3052 decerne-

336 3076 562 3126 bantur:
598 3075 742 3138 cujus
763 3075 920 3124 moris
943 3075 1087 3139 origo
1117 3076 1183 3126 ab
1214 3075 1400 3140 Agrip·

340 3165 430 3215 pa,
448 3151 540 3214 qui
576 3151 927 3213 Bosphoranis
964 3152 1043 3201 Μ.
1070 3152 1287 3215 Licinio,
1323 3152 1398 3201 M.

342 3226 402 3276 F.
426 3227 635 3288 Crasso,
659 3226 755 3275 Cn.
775 3226 1034 3288 Cornelio,
1067 3227 1161 3276 Cn.
1187 3228 1244 3275 F.
1266 3228 1400 3276 Leu-

345 3305 453 3354 tulo
477 3302 767 3353 consulibus
805 3318 938 3351 anno
971 3303 1111 3352 urbis
1132 3309 1247 3353 ⁷³9.
1286 3304 1405 3353 sub-

345 3378 496 3441 actis,
527 3392 698 3442 neque
719 3379 1034 3441 triumphum
1056 3379 1156 3428 sibi
1179 3395 1211 3428 a
1226 3387 1408 3428 senatu

350 3455 619 3522 sicci-etum
640 3455 764 3517 egit,
779 3469 950 3518 neque
970 3455 1241 3517 quicquam
1260 3454 1325 3504 de
1346 3455 1409 3503 iis

353 3531 505 3581 rebus
529 3531 688 3594 gestis
713 3532 775 3579 ad
799 3538 1035 3579 senatum
1067 3532 1388 3594 perscripsit.

417 3608 499 3658 Ex
524 3622 624 3672 quo
661 3615 912 3670 tempore,
948 3607 1115 3671 inquit
1140 3607 1260 3670 Dio,
1284 3608 1413 3657 libro

354 3697 462 3736 uv.
500 3684 683 3748 reliqui
708 3684 862 3732 duces
893 3686 1184 3746 exemplum
1205 3684 1317 3747 ejus
1339 3698 1415 3732 se-

358 3759 482 3823 cuti,
513 3774 682 3823 neque
715 3760 923 3822 publice
948 3759 1126 3808 literas
1151 3759 1418 3820 miserunt,

359 3851 529 3904 neque
570 3836 882 3900 triumphum
925 3837 1290 3897 obtinuerunt;
1357 3851 1418 3885 ac

361 3921 639 3988 propterea
672 3913 865 3963 nemini
905 3913 1010 3974 alii,
1044 3913 1142 3961 nisi
1165 3912 1423 3975 dignitate

272 3999 279 4007 ·
363 3991 543 4040 Caesar
565 3997 724 4048 esset,
746 3990 1033 4053 triumphus
1068 3991 1119 4037 in
1145 3997 1427 4051 posterum,

366 4064 458 4114 sed
497 4063 801 4126 triumphalia
842 4071 1043 4112 tantum
1090 4061 1310 4126 insignia
1344 4062 1427 4111 de·

368 4145 512 4199 creta
535 4145 673 4186 sunt.
748 4138 1034 4200 Vin-dangu.

376 4261 383 4274 .
432 4213 698 4288 [muris
715 4218 888 4268 statue
907 4211 1148 4277 honorem]
1179 4212 1269 4266 Sic
1282 4213 1427 4265 Hist.

1452 1803 1606 1855 quam
1627 1789 1762 1839 enim
1787 1790 1839 1838 iu
1862 1788 2156 1852 principum
2197 1791 2510 1850 potestatem

1454 1868 1688 1917 Romana
1725 1865 2019 1929 respublica
2054 1862 2229 1924 cessit,
2250 1859 2512 1925 principes

1446 1944 1538 2008 jus
1580 1941 1927 2005 triumphandi
1979 1941 2075 1991 sibi
2119 1941 2244 2002 ipsis
2285 1950 2516 1987 reserva·

1457 2027 1598 2070 runt.
1632 2019 1859 2069 Panem.
2507 2039 2514 2050 »

1524 2099 1601 2147 Ea
1637 2105 1748 2145 erat
1783 2101 1944 2144 statua
1978 2095 2206 2156 meatu,
2229 2106 2344 2156 quoe
2377 2089 2520 2139 inter

1460 2174 1560 2223 alia
1582 2173 1824 2235 triumphi
1858 2171 2079 2235 insignia
2114 2167 2519 2220 concedebatur.

1459 2249 1623 2298 Tacit.
1645 2246 1780 2296 Aun.
1799 2260 1874 2296 iv.
1898 2250 1980 2294 2⁸.

1528 2326 1738 2388 Statuoe]
1769 2326 1898 2376 Quae
1932 2323 2107 2373 vocari
2148 2321 2322 2386 potuit
2350 2321 2522 2382 gloria

1463 2400 1610 2461 bulla,
1631 2408 1691 2450 ut
1722 2399 1881 2449 habat
1916 2399 2177 2462 Diogenes
2197 2396 2336 2461 apud
2368 2397 2523 2460 Diog.

1464 2473 1640 2525 Laiirt.
1662 2474 1699 2523 l.
1723 2485 1801 2523 vr.

1533 2556 1564 2582 '¹'
1597 2550 1697 2597 Pro
1728 2546 1988 2611 triumpho]
2021 2541 2207 2596 Multae
2245 2546 2360 2595 alioe
2396 2559 2528 2608 prm-

1467 2624 1720 2689 rogativae
1784 2623 1999 2674 fuerunt
2054 2630 2248 2687 praeter
2279 2627 2526 2678 statuam

1469 2708 1530 2750 ut
1568 2709 1693 2764 toga
1735 2700 1897 2763 picta,
1933 2700 2108 2750 tunica
2145 2700 2389 2763 palmata,
2428 2701 2527 2746 διο.

1471 2777 1648 2826 Possit
1662 2782 1836 2825 tamen
1858 2776 1913 2823 id
1934 2775 2133 2842 duplici
2157 2791 2309 2825 seusu
2329 2773 2493 2836 accipi
2513 2788 2530 2832 3

1473 2865 1681 2915 nempe,
1722 2852 1802 2899 vel
1865 2851 1916 2899 ei
1971 2851 2231 2899 concessit
2285 2848 2532 2913 quicquid

1476 2928 1742 2990 triumphi,
1763 2940 1854 2975 seu
1881 2926 2055 2988 potius
2071 2923 2339 2986 insignium
2358 2921 2536 2971 trium·

1477 3002 1723 3066 pbalium,
1743 3000 1948 3049 nomine
1977 2999 2534 3061 comprehendentium

1480 3079 1562 3127 vel
1585 3092 1651 3126 ea
1671 3077 1860 3136 omnia,
1897 3091 2012 3140 quae
2043 3076 2155 3124 loco
2175 3074 2418 3137 triumphi
2449 3087 2539 3122 ves

1479 3154 1612 3203 teris
1630 3151 2047 3201 concedebantur
2064 3167 2080 3211 ς
2102 3150 2240 3214 quod
2262 3150 2398 3199 idem
2422 3155 2504 3199 est
2521 3166 2539 3210 ς

1482 3230 1602 3294 quia
1638 3242 1788 3278 nemo
1820 3228 2039 3290 amplius
2061 3227 2176 3290 jam
2212 3227 2277 3276 ab
2300 3227 2540 3290 Augusto

1484 3320 1664 3354 verum
1721 3304 2034 3367 triumphum
2103 3305 2390 3366 obtinebat,
2449 3303 2544 3354 sed

1490 3388 1692 3431 tantum
1721 3379 2048 3443 triumphalia
2072 3388 2391 3429 ornamenta.
2444 3380 2550 3429 Ra-

1488 3457 1563 3506 tio
1602 3456 1834 3526 suin-seu
1877 3462 2183 3517 praetextus,
2220 3456 2338 3519 quia
2375 3453 2546 3504 omnia

1490 3531 1631 3580 bella
1667 3544 1875 3593 remque
1924 3530 2181 3592 publicam
2219 3545 2312 3592 per
2342 3532 2546 3593 legatos

1491 3607 1736 3670 ipsorum,
1760 3606 1871 3655 scil.
1892 3606 2052 3656 ductu
2084 3614 2140 3656 et
2169 3608 2411 3671 auspiciis
2443 3605 2549 3655 suis

1496 3683 1713 3747 gerebat
1747 3683 2026 3745 princeps;
2061 3697 2159 3731 non
2186 3684 2356 3746 potuit
2376 3689 2551 3731 autem

1500 3759 1809 3820 triumphum
1836 3758 2049 3819 referre,
2076 3760 2163 3822 qui
2184 3758 2363 3807 alienis
2383 3755 2554 3818 auspi·

1500 3833 1594 3882 ciis
1620 3834 1875 3896 Rempub.
1901 3842 2122 3896 gereret.

1564 3916 1590 3941 ¹
1623 3908 1910 3972 Maioribus]
1979 3911 2155 3958 Vertit
2196 3908 2383 3956 illustr.
2421 3905 2557 3954 Har-

1502 3987 1649 4048 laeur·‚
1665 3987 1940 4051 majoribus
1960 3998 2109 4047 quam
2127 3990 2260 4031 esset
2277 3984 2389 4043 ipse
2405 3980 2558 4044 Agri-

1507 4062 1639 4112 cola.
1691 4061 1765 4110 At
1800 4067 2042 4124 poterant
2074 4073 2184 4106 esse
2217 4056 2428 4118 majores,
2459 4069 2559 4107 nec

1509 4145 1682 4187 tamen
1735 4151 1846 4185 esse
1874 4136 2094 4195 -mnjores
2131 4134 2245 4196 ipso
2298 4131 2564 4195 Agricola.

1507 4213 1718 4273 Maiores
1735 4212 1831 4262 boc
1854 4212 1987 4276 loco,
2006 4216 2128 4261 sunt
2145 4210 2411 4276 primores,
2441 4223 2564 4274 pto?
