3000 4859
911 390 920 401 ’
957 419 1366 480 anemone,
1412 417 1576 468 car.
1620 403 1739 473 41.

2260 398 2438 469 8³80

227 558 459 637 ullum,
487 563 604 625 aut
631 560 905 644 querela
947 559 1096 627 laesi
1126 561 1556 646 cujusquam,
1587 562 1709 627 sed
1740 560 2033 625 infensus
2077 560 2435 625 virtutibus

230 660 583 746 Princeps,
607 666 674 726 et
702 662 913 744 gloria
934 663 1081 741 viri,
1103 682 1184 727 ac
1214 665 1580 747 pessimum
1607 663 2020 728 inimicorum
2044 680 2272 745 genua,
2294 662 2443 754 lan-

230 760 508 828 dantes}
595 763 686 829 Et
731 783 815 828 ea
863 765 1169 832 insecuta
1214 771 1370 833 sunt
1413 765 1840 852 Reipublicae
1892 770 2222 848 tempora,
2275 783 2445 847 quaer

233 872 394 941 &aaa
413 892 722 956 discriminis,
743 911 835 944 non

868 897 1002 960 ωιρι
1022 899 1140 960 aaa,
1157 903 1243 949 ω
1269 899 1346 948 in
1367 898 1537 963 offe-a·
1557 898 1831 962 mapsam,
1848 898 1932 946 sea
1949 896 2153 956 insen„
2172 895 2303 944 ωε,
2322 895 2443 944 «ιι-ιε.

228 953 314 1005 bu
330 955 607 1021 inperator,
621 963 669 1008 et
690 958 785 1008 viri
795 959 957 1023 sum,
976 976 1034 1010 ac
1053 962 1360 1037 deterrimum
1377 978 1529 1025 genas
1548 963 1769 1027 mm,
1789 964 2070 1012 laudatores.
2106 961 2173 1009 Et
2194 975 2250 1010 eu
2272 958 2453 1009 etiam'

1225 1084 1276 1134 N
1280 1083 1440 1134 0¹1*AE

230 1156 400 1209 destia
424 1160 551 1209 satis
591 1160 951 1224 intelligebant
970 1177 983 1211 ε
1019 1176 1137 1212 cum
1169 1176 1289 1212 eum

228 1237 664 1299 considerassent,
679 1252 744 1285 ex
763 1237 937 1302 specie
952 1238 1139 1289 ducem
1156 1240 1291 1288 osti-

229 1319 449 1373 mantes,
466 1314 768 1377 qua-rebant
784 1313 952 1364 adhuc
971 1313 1180 1377 famam,
1193 1327 1292 1363 nec

229 1388 565 1440 inveniebant
589 1390 757 1453 pauci.
807 1390 887 1440 Ex
904 1390 1017 1440 visu
1036 1390 1295 1454 concipie-

230 1462 360 1514 bant
385 1465 600 1528 gloriam
621 1464 854 1515 hominis.

257 1538 310 1573 ⁶¹
341 1542 611 1591 Pessimum
650 1541 951 1591 tuiniicersns
988 1556 1155 1603 genus,
1195 1543 1296 1592 lna-

229 1617 420 1681 ἀπίω]
469 1616 557 1665 Sic
600 1615 944 1666 Mamertinus
988 1618 1185 1681 Paneg.
1225 1617 1292 1667 ad

230 1690 534 1741 Juliannm:
590 1693 606 1719 ‘
632 1692 799 1754 Cnm,’
857 1692 1042 1758 inquit,
1089 1693 1106 1721 ‘
1128 1694 1294 1743 sancti

232 1767 485 1831 principis
507 1781 673 1817 mores
694 1773 850 1830 atque
883 1768 1126 1819 instituta
1143 1768 1295 1820 falsa·

232 1856 344 1892 rum
389 1843 826 1906 vituperationum
875 1843 1141 1893 licentiam
1180 1846 1300 1895 sub-

232 1927 525 1978 moverent,
593 1917 783 1967 callido
815 1919 1034 1969 nocendi
1080 1918 1300 1970 artificio

232 1993 608 2043 accusatoriam
643 1994 906 2044 diritatem
948 1995 1155 2045 laudum
1177 1995 1301 2044 titu-

232 2070 296 2118 lis
319 2070 659 2132 peragebant,
684 2070 736 2117 in
768 2070 1002 2120 omnibus
1033 2070 1299 2121 conventi-

234 2146 383 2208 culis,
429 2146 575 2209 quasi
609 2160 703 2210 per
742 2147 1177 2208 benevolentiam,
1211 2147 1300 2196 illa

231 2224 525 2287 jactantes,
553 2223 793 2275 Julianus
817 2223 1171 2274 Alemanniam
1213 2225 1303 2275 do·

235 2298 385 2360 muit,
423 2298 658 2349 Julianus
692 2298 847 2348 urbes
873 2299 1062 2350 Gallia·
1101 2300 1295 2349 excita·

235 2376 351 2441 vit,’
370 2380 471 2427 dte.
525 2377 622 2426 Ubi
643 2376 948 2442 peragebant,
971 2377 1022 2426 id
1041 2385 1143 2439 est,
1163 2392 1298 2442 prn-

235 2452 502 2513 texebant,
546 2452 915 2503 obtendebant.
980 2454 1114 2503 Sunt
1157 2467 1297 2517 saepe

237 2528 394 2578 etiam
434 2528 524 2592 qni
567 2528 643 2577 sic
682 2526 913 2589 laudant,
947 2528 1236 2592 praesertim
1269 2542 1298 2577 e

235 2605 411 2669 vulgo,
431 2604 572 2664 honi,
593 2611 648 2653 et
681 2604 814 2653 bono
854 2604 1023 2654 auimo
1056 2603 1297 2654 virtutem

237 2679 509 2729 celebrant
522 2696 541 2737 ,·
592 2678 683 2727 sed
730 2686 900 2728 tamen
939 2681 1015 2729 sic
1057 2688 1114 2729 et
1151 2680 1299 2729 inviti

237 2762 444 2804 nocent.
510 2755 598 2804 Sic
637 2768 780 2803 amor
812 2755 988 2818 populi
1031 2755 1180 2804 Rom.
1228 2756 1302 2804 iu·

234 2827 438 2881 sanstns
459 2830 582 2881 olim
623 2832 812 2891 Druso,
846 2830 1177 2893 Germanico,
1199 2830 1301 2880 Ru·

235 2905 395 2957 bellio
417 2906 639 2967 Blando,
662 2915 717 2956 et
740 2908 874 2956 aliis.

283 2982 541 3032 Pessimum
554 2982 847 3032 inimieorum
857 2996 1024 3045 genas,
1035 2982 1302 3046 manta]

240 3057 318 3109 Ra
338 3058 558 3107 nocendi
578 3072 660 3106 ars
681 3071 877 3107 summa
897 3066 1000 3108 est.
1066 3058 1304 3122 Exempli

242 3137 428 3201 gratia,
461 3137 684 3201 principi
724 3138 947 3203 aliquem
986 3136 1195 3186 laudare
1234 3136 1302 3186 ob

242 3229 323 3275 ea,
361 3214 412 3263 iu
450 3214 636 3280 quibus
672 3220 763 3263 ant
797 3215 997 3263 ratione
1036 3213 1304 3278 dignitatis

241 3291 502 3340 excellere
546 3289 706 3339 debet
747 3289 859 3353 ipse
906 3290 1167 3354 princeps,
1213 3296 1303 3340 ant

241 3365 532 3417 excellendi
565 3373 805 3415 conatum
829 3373 1059 3417 ostentat
1081 3380 1147 3416 ex
1181 3380 1303 3431 qno·

243 3456 461 3506 ctimque
501 3443 709 3491 tandem
753 3442 969 3506 impetn,
1013 3443 1303 3506 prasertim

240 3517 286 3567 si
302 3531 367 3567 ea
390 3525 503 3567 arte
521 3523 614 3566 aut
631 3517 840 3579 iugenio
856 3531 912 3566 se
930 3516 1174 3567 minorem
1195 3532 1307 3567 sen·

241 3592 342 3644 tint
365 3591 623 3656 princeps,
654 3591 707 3641 id
730 3589 1177 3654 perniciosissime
1201 3591 1306 3641 cai-

242 3666 465 3719 liditatis
487 3666 762 3717 artificium
784 3676 864 3716 est
892 3665 1115 3715 maxime
1147 3679 1308 3730 expe-

243 3742 429 3794 ditum.

310 3820 638 3883 Quicumque
661 3817 855 3868 auliciis
873 3824 1165 3867 assentator
1188 3818 1310 3868 istos

243 3896 554 3948 inclinantes
574 3895 640 3943 ad
666 3902 830 3945 artem
862 3895 1087 3958 aliquam
1111 3902 1309 3944 uaturae

242 3980 414 4022 motus
436 3973 489 4020 in
511 3971 748 4033 principe
775 3983 865 4018 suo
900 3968 1309 4033 deprehendere,

241 4057 301 4099 et
320 4048 372 4096 in
396 4061 506 4097 rem
528 4059 673 4094 suam
695 4051 918 4104 vertere,
948 4044 1034 4092 nbi
1059 4043 1311 4108 deposcet

243 4126 474 4185 occasio,
504 4122 671 4183 novit,
695 4129 878 4186 parata
900 4120 973 4169 illi
994 4133 1199 4184 semper
1222 4134 1312 4170 no-

244 4199 403 4251 cendi
425 4198 700 4248 materies:
733 4197 822 4261 qui
845 4195 1103 4246 notaverit
1125 4209 1229 4256 res,
1259 4196 1311 4244 in

245 4276 437 4346 quibus
456 4277 556 4327 sibi
581 4276 821 4340 placeant
841 4273 1223 4339 imperitantes,
1243 4275 1317 4324 ai-

1370 1163 1492 1222 teri‚
1531 1177 1685 1227 quem
1706 1168 1763 1212 et
1794 1162 2092 1226 praecellere
2114 1161 2438 1211 animadver-

1371 1239 1499 1289 terit
1519 1239 1699 1289 eadem
1734 1238 2013 1302 industria,
2048 1239 2178 1289 iicet
2210 1238 2439 1300 innoxia,

1372 1313 1661 1379 perieulum
1714 1315 1973 1365 creaverit
2041 1314 2179 1378 apud
2250 1314 2439 1363 bonnm

1371 1390 1683 1454 principem,
1730 1389 1945 1454 perinde
1974 1388 2148 1450 facile,
2194 1404 2257 1440 ac
2291 1389 2338 1438 si
2371 1388 2441 1437 ri-

1370 1473 1581 1516 maretur
1601 1472 1751 1516 metm
1777 1466 1915 1530 apud
1938 1467 2145 1527 malum,
2183 1470 2240 1515 nt
2262 1465 2438 1529 Tigel-

1369 1542 1508 1591 linus
1527 1541 1665 1606 apud
1692 1544 1952 1592 Neronem
1977 1541 2112 1590 Anu.
2134 1552 2252 1590 xrv.
2276 1543 2356 1590 5⁷.

1435 1618 1492 1667 Si
1529 1619 1667 1667 euim
1701 1618 1946 1683 quelibet
1994 1617 2226 1666 rivalitas
2282 1615 2440 1666 etiam

1378 1692 1519 1743 inter
1542 1694 1773 1757 privatos
1798 1693 2089 1743 simultates
2112 1692 2295 1756 gignit,
2316 1690 2439 1755 quid

1375 1784 1480 1820 non
1500 1769 1744 1820 formidet
1765 1770 2000 1819 subditus
2022 1783 2054 1818 a
2077 1767 2335 1832 principe,
2350 1766 2441 1830 qui

1378 1847 1511 1895 tales
1532 1843 1842 1896 offensiones
1872 1846 1978 1894 alte
2000 1844 2171 1892 animo
2192 1841 2442 1891 dimittit?

1379 1921 1501 1985 quid
1525 1934 1627 1970 non
1648 1926 1847 1969 metuat
1879 1918 1931 1967 in
1970 1924 2117 1967 tanta
2136 1915 2359 1966 nocendi
2379 1916 2442 1965 li·

1378 1999 1570 2062 centia,
1600 1998 1777 2048 statim
1801 2004 1957 2062 atque
1978 1995 2212 2060 specioso
2234 1992 2442 2044 nomine

1379 2074 1587 2138 cuipam
1611 2071 1934 2137 praetexeudl
1962 2072 2168 2121 occasio
2197 2070 2443 2119 dabitur?

1444 2148 1722 2211 Dionysius
1740 2147 1944 2208 Senior,
1969 2161 2087 2197 cum
2108 2145 2296 2194 famam
2316 2145 2443 2194 Tra·

1381 2225 1484 2290 gici
1527 2224 1698 2287 poem
1752 2220 2047 2285 affectaret,
2103 2222 2443 2271 Philoxenum

1378 2301 1585 2366 poetam
1604 2300 1832 2363 vexavit,
1850 2306 1907 2349 et
1924 2299 2123 2349 carceri
2142 2313 2205 2348 ac
2220 2305 2445 2347 tormen·

1376 2377 1443 2427 tis
1476 2376 1701 2439 addixit,
1734 2376 1869 2439 quod
1897 2373 2171 2424 luminibus
2205 2374 2311 2423 suis
2334 2371 2443 2422 offi-

1376 2466 1498 2502 cere
1522 2458 1733 2515 putaret
1756 2467 1768 2498 ε
1815 2451 1889 2499 sic
1908 2448 2128 2499 Diodor.
2154 2462 2245 2498 xv.
2266 2452 2314 2498 6.
2371 2449 2443 2499 Et

1379 2527 1545 2591 prima
1567 2527 1686 2576 mali
1713 2526 1872 2585 labes,
1906 2539 2008 2589 quo
2039 2524 2242 2573 Seneca
2265 2523 2443 2588 periit,

1378 2603 1495 2665 fuit,
1532 2601 1671 2668 quod
1709 2600 2018 2666 eloquentiae
2059 2599 2263 2648 laudem
2285 2612 2446 2660 snpra

1379 2681 1639 2730 Neronem
1663 2679 1764 2730 sibi
1789 2678 2087 2738 ascisceret,
2128 2681 2182 2724 et
2204 2674 2443 2725 factitan-

1381 2754 1460 2805 dis
1481 2748 1791 2805 canninibns
1815 2753 2101 2817 principem
2138 2749 2443 2816 supergredi

1379 2836 1680 2891 conaretur,
1703 2831 1838 2879 Anu.
1862 2841 1978 2878 xiv.
2000 2832 2084 2877 52.

1444 2905 1533 2956 Sic
1548 2912 1605 2954 et
1626 2903 1854 2953 amicitia
1870 2917 1964 2952 sua
1980 2900 2221 2951 Paridem
2240 2899 2445 2963 depulit

1378 2982 1701 3040 histrionem,
1736 2991 1889 3043 quem
1920 2983 2103 3040 postea
2123 2976 2270 3024 velut
2289 2988 2445 3023 oemn-

1380 3058 1487 3125 lum
1508 3055 1719 3107 occidit.
1785 3053 2017 3117 Poppaea
2039 3064 2246 3116 quoque
2270 3051 2447 3099 lauda·

1382 3139 1492 3182 tum
1518 3131 1794 3191 Othonem,
1830 3126 2061 3194 quamvis
2094 3126 2193 3176 hoc
2225 3139 2330 3175 nou
2365 3126 2445 3174 in·

1384 3207 1647 3268 tenderet,
1665 3203 1888 3269 principi
1903 3207 2198 3267 suspectum
2214 3200 2447 3251 reddidit

1382 3284 1519 3335 Aun.
1539 3297 1665 3333 xm.
1685 3286 1768 3332 46.

1446 3361 1551 3410 Sed
1575 3370 1831 3422 nunquam
1852 3356 2003 3406 altius
2027 3361 2288 3420 penetrat,
2309 3350 2447 3404 fero·

1384 3437 1497 3487 cius
1537 3450 1742 3501 quoque
1775 3433 2031 3495 nocitura,
2053 3430 2448 3493 commendatio,

1385 3526 1538 3577 quam
1562 3511 1666 3572 ubi,
1685 3523 1802 3574 quat
1821 3506 2276 3569 commendaveris,
2298 3513 2449 3569 grata

1386 3588 1439 3636 in
1464 3587 1645 3650 vulgus
1680 3591 1822 3646 sunt,
1858 3590 1917 3632 et
1951 3596 2069 3634 cum
2105 3580 2447 3647 admiratione

1386 3664 1748 3726 accipiuntur3
1783 3665 1842 3708 ut
1879 3663 2001 3707 sunt
2027 3657 2186 3719 gloria
2203 3656 2450 3717 militar-is,

1390 3735 1800 3801 magnanimitas,
1827 3733 2050 3798 justitia
2074 3731 2322 3783 adversus
2345 3730 2450 3778 vim

1389 3822 1445 3863 ct
1487 3809 1750 3861 licentiam
1811 3806 2147 3871 protegendo
2202 3803 2451 3863 studium,

1390 3886 1653 3952 splendor,
1704 3884 1920 3946 alia’que
1963 3881 2185 3931 heroica
2228 3877 2451 3925 virtutes

1391 3965 1680 4030 principum
1705 3961 1946 4025 proprie,
1981 3963 2073 4006 aut
2107 3955 2295 4004 saltem
2329 3966 2447 4017 qun

1390 4042 1507 4090 illos
1542 4038 1765 4088 reddunt
1796 4032 2160 4084 ornatissimos.
2225 4026 2302 4077 At
2333 4041 2453 4076 nus-

1391 4130 1545 4183 quam
1591 4113 1817 4177 paratior
1852 4117 1910 4159 et
1946 4107 2131 4156 saevior
2173 4118 2312 4154 noxa
2349 4111 2453 4167 est,

1373 4206 1546 4259 -quam
1564 4190 1649 4240 ubi
1666 4187 1907 4251 princeps
1940 4196 2007 4231 ex
2023 4178 2238 4230 defectu
2252 4186 2453 4231 uatum

1392 4266 1696 4320 inferiorem
1714 4278 1772 4314 se
1794 4259 1975 4312 sentit.
2020 4258 2100 4309 Ut
2117 4256 2257 4309 enim
2272 4257 2456 4311 alieno
