3000 4859
1284 395 1689 450 nument.

2382 373 2561 450 8961

1354 597 1577 684 NOT'AE

359 729 427 795 'ex
449 742 684 810 periculo
706 743 884 810 petitis
909 743 1267 809 significantia.
1311 745 1421 797 Ha-

359 821 564 873 bebunt
598 821 686 886 qni
727 829 848 886 post
888 837 985 872 nos
1022 822 1087 871 de
1130 822 1421 874 oratoribus

359 896 613 960 scribent,
645 912 878 963 magnam
916 913 1005 949 eos
1043 900 1132 964 qui
1173 912 1310 950 nunc
1346 899 1422 949 vi-

359 981 486 1039 gent
523 976 795 1025 materiam
820 991 942 1026 vere
964 976 1227 1026 laudandi.
1287 976 1423 1026 Sunt

359 1049 519 1099 etium
561 1065 757 1100 summa
778 1051 953 1115 bodie,
974 1052 1158 1116 quibus
1197 1051 1422 1102 iliustra-

356 1132 447 1177 tur
486 1125 673 1196 forum,
709 1128 955 1193 ingenia?
1017 1128 1173 1189 Hac,
1213 1136 1270 1178 et
1304 1141 1420 1192 quo

358 1209 660 1266 aequantur,
683 1203 922 1268 intelligit
944 1204 1082 1254 baud
1104 1204 1262 1254 dubie
1288 1217 1420 1268 prae-

359 1278 511 1341 eipue
539 1277 608 1327 de
629 1279 804 1328 Plinio
843 1288 901 1330 et
921 1280 1132 1344 Tacito,
1154 1295 1268 1347 quoe
1311 1288 1420 1331 tum

358 1350 462 1403 fori
507 1359 563 1404 et
597 1354 914 1418 judiciorum
972 1372 1168 1408 summa
1211 1357 1419 1407 decora.

358 1431 376 1459 ‘
401 1430 642 1497 Namque
677 1441 733 1482 et
755 1436 1092 1485 consummati
1108 1435 1220 1499 jam
1245 1442 1423 1500 patro-

358 1506 412 1556 ni
437 1509 699 1559 veteribus
725 1510 1052 1575 aemulantur,
1073 1519 1128 1562 et
1151 1527 1242 1563 eos
1267 1512 1424 1576 juve-

357 1596 481 1634 num
504 1582 571 1633 ad
595 1586 791 1648 optima
831 1587 1168 1639 tendentium·
1186 1589 1423 1639 imitatur

358 1674 421 1710 ac
438 1662 671 1724 sequitur
694 1662 985 1714 industria!

422 1736 690 1788 Addemns
734 1739 902 1790 adhuc
942 1747 998 1791 et
1037 1742 1274 1808 quedam
1305 1743 1421 1792 loca

355 1813 545 1864 similia
583 1828 662 1863 ex„
687 1822 907 1881 utroque
932 1833 1090 1883 opere
1115 1818 1280 1881 Fabii,
1302 1832 1420 1882 par-

354 1888 468 1952 tim,
511 1897 569 1940 ut
603 1890 921 1941 illustremus
943 1907 1234 1943 sermonem
1256 1892 1419 1954 bunc;

354 1967 412 2012 et
432 1963 622 2027 partim
643 1965 783 2015 clare
819 1981 1155 2031 agnoscamus
1189 1967 1421 2032 tandem,

352 2051 536 2089 verum
572 2040 709 2090 bu‘nc
745 2047 801 2090 et
840 2042 1062 2091 eundem
1086 2057 1198 2093 esse
1222 2042 1418 2092 utrobi-

356 2129 459 2181 que
482 2115 687 2180 genium
711 2116 1039 2168 Quintiliani.
1075 2117 1417 2188 ‚Apponemus

351 2189 504 2255 quasi
525 2197 675 2240 notas
695 2191 905 2255 dialogi,
941 2191 1128 2257 quibus
1153 2207 1417 2257 compara·

354 2265 523 2318 bimus
547 2267 750 2329 similia,
770 2274 861 2316 aut
900 2274 1043 2317 certe
1081 2268 1262 2318 eadem
1301 2270 1419 2320 loca

354 2357 422 2394 ex
450 2344 683 2394 Institut.
705 2344 961 2395 oratoriis.

417 2419 560 2470 Diui.
593 2434 641 2469 c.
666 2425 711 2470 l.
747 2420 990 2470 Considio-i
1021 2426 1070 2471 et
1107 2421 1325 2471 advocati
1366 2426 1416 2471 et

348 2497 560 2563 patroni.
625 2496 845 2548 Quintil.
883 2497 918 2546 i.
941 2510 1045 2548 ιιι.
1071 2503 1119 2549 1.
1152 2499 1169 2526 ⁴
1195 2497 1348 2551 Quod
1372 2498 1416 2547 si

352 2572 702 2623 mediocribus
724 2573 881 2623 etiam
921 2575 1152 2637 patronis
1174 2577 1418 2625 convenit

351 2649 486 2712 haec,
524 2665 639 2715 quae
665 2650 820 2713 vulgo
859 2648 1050 2700 (licitur
1084 2651 1294 2711 bonius,-
1322 2666 1415 2701 cur

351 2739 457 2776 non
478 2732 654 2776 orator
676 2726 762 2775 iile
802 2726 889 2791 qui
929 2727 1152 2778 nondum
1174 2724 1294 2790 fuit,
1324 2726 1416 2776 sed

351 2808 531 2866 potest
564 2815 700 2862 esse,
734 2807 838 2852 tam
873 2801 944 2851 sit
985 2802 1232 2866 moribus,
1261 2815 1414 2867 quam

352 2876 558 2927 dicendi
582 2877 778 2932 virtute
798 2874 1103 2940 perfectus?
1137 2877 1257 2927 Nou
1278 2877 1414 2926 enim

350 2950 609 3002 forensem
646 2951 905 3017 quandam
939 2952 1256 3003 instituimus
1291 2967 1414 3018 ope-

352 3042 482 3094 ram,
516 3042 616 3078 nec
655 3029 1027 3080 mercenariam
1064 3043 1281 3094 vocem;
1315 3044 1415 3081 nee

352 3104 439 3171 (ut
488 3104 835 3169 asperioribus
887 3105 1061 3156 verbis
1118 3106 1416 3171 parcamus)

348 3195 455 3232 nou
478 3182 712 3232 inutilem
736 3196 861 3232 sane
892 3181 1064 3232 litium
1087 3181 1415 3247 advocatum,

352 3273 506 3324 quem
545 3259 765 3324 denique
803 3259 1121 3310 causidicum
1150 3260 1306 3325 vulgo
1327 3273 1413 3310 vo·

349 3342 492 3399 cant,
510 3336 604 3387 sed
639 3335 802 3386 virum
844 3351 960 3386 cum
999 3336 1193 3400 ingenii
1226 3343 1416 3387 natura

352 3416 710 3475 praestentem,
747 3418 854 3461 tum
877 3426 1001 3460 vero
1040 3411 1412 3476 pulcherrimas

352 3493 494 3536 artes
552 3487 760 3550 penitus
818 3495 996 3539 mente
1068 3488 1415 3553 complexum,

349 3560 526 3611 datum
565 3561 777 3612 nudem
815 3563 972 3613 rebus
1003 3563 1260 3629 humanis,
1292 3579 1414 3630 qua·

349 3636 455 3687 iem
475 3637 619 3687 nulla
650 3643 803 3688 antea
823 3644 1055 3689 vetustas
1077 3638 1413 3704 cognoverit}

351 3718 453 3767 ecc.

417 3790 560 3844 Dial.
585 3808 632 3842 c.
657 3798 703 3846 1.
746 3793 833 3844 Vel
861 3797 1059 3855 eusdem,
1079 3798 1162 3846 sed
1192 3796 1412 3860 probabi·

348 3870 414 3920 in
435 3883 596 3920 cauus
615 3869 865 3935 qfferrent.
931 3872 1000 3922 Et
1019 3873 1201 3925 Quint.
1227 3874 1260 3923 Ι.
1280 3887 1334 3922 x.
1358 3879 1409 3924 5.

351 3946 367 3972 ‘
391 3942 477 3995 An
500 3959 621 3995 vero
645 3946 745 4010 ipsi
767 3961 869 3996 non
908 3947 988 3997 bis
1018 3963 1079 3997 ac
1117 3949 1307 4014 saepius
1345 3948 1412 3999 <ie

350 4021 533 4072 eedem
565 4037 625 4072 re
662 4023 898 4086 dicimus,
928 4031 985 4074 et
1003 4025 1209 4090 quidem
1246 4026 1413 4076 couti·

349 4113 478 4150 uuas
510 4115 878 4166 nonnunquam
900 4102 1186 4158 sententias
1207 4103 1227 4152 i
1295 4103 1412 4153 Nisi

349 4173 489 4226 sorte
532 4176 848 4226 contendere
906 4178 1172 4229 nobiscum
1236 4193 1413 4243 possu-

350 4263 485 4314 mus,
522 4265 639 4301 cum
663 4251 774 4302 allis
796 4266 897 4301 uon
919 4267 1203 4316 possumus.
1271 4255 1411 4306 Nam

480 4329 659 4397 Daph.
678 4334 728 4382 ee
753 4330 870 4383 Ver.
896 4332 1029 4383 Cius.

1379 4333 1536 4386 raucit.

1502 731 1547 797 si
1571 760 1672 797 uuo
1695 747 1894 796 tantum
1918 757 2108 811 genere
2128 741 2261 795 bene
2283 739 2567 812 diceretur,

1500 821 1583 872 fus
1607 831 1721 873 erat
1755 820 2038 872 existimari
2073 821 2380 885 praeclusam
2414 819 2566 873 nobis

1502 914 1535 949 a
1559 897 1814 961 prioribus
1838 897 1989 947 viam.
2024 896 2179 946 Nunc
2194 909 2316 945 vero
2337 896 2569 948 innume-

1502 972 1691 1023 rabiles
1713 978 1835 1022 suut
1850 971 2012 1034 modi,
2026 972 2363 1036 plurimaeque
2381 970 2565 1022 eodem

1501 1050 1601 1100 viae
1621 1048 1835 1100 ducunt.
1877 1048 1981 1099 Sua
1997 1046 2245 1098 brevitati
2264 1047 2454 1113 ςηὼ,
2472 1059 2568 1100 sun

1500 1126 1704 1191 copie?
1726 1130 1824 1178 etc.
1896 1159 1901 1166 -

1567 1202 1711 1253 Dial.
1732 1217 1780 1252 c.
1803 1205 1855 1253 2.
1887 1200 2048 1267 Aper.
2064 1235 2079 1251 .
2094 1236 2109 1252 .
2124 1198 2462 1251 .mtemm
2478 1214 2564 1264 po·

1498 1277 1599 1328 tius
1638 1279 1822 1340 Βία-αι,
1863 1293 2003 1342 quum
2045 1276 2294 1348 nesciebat,
2340 1281 2566 1341 tanqum

1499 1352 1722 1416 sudorem
1765 1354 2020 1424 induxi-ia
2056 1358 2105 1403 et
2147 1353 2321 1402 laboris
2357 1352 2566 1415 gion-tm

1498 1430 1764 1493 hobitum,
1783 1433 1827 1480 si
1859 1431 2102 1494 ingenium
2139 1430 2237 1491 <ius
2271 1429 2417 1479 nullis
2444 1430 2565 1481 ulia·

1499 1521 1606 1557 runi
1621 1509 1798 1557 urcium
1814 1507 2114 1556 adminiculis
2130 1510 2355 1558 uteretur.
2392 1505 2566 1559 Quem

1498 1583 1674 1634 locum
1712 1583 1937 1632 maxime
1973 1582 2205 1646 exagitat
2229 1581 2412 1633 Quint.
2442 1580 2478 1632 l.
2502 1589 2566 1634 n.

1504 1663 1585 1711 12.
1608 1660 1697 1710 ubi
1724 1661 1902 1711 titulus
1927 1667 2038 1710 est:
2073 1661 2293 1712 ‘Quare
2315 1657 2566 1709 ineruditi

1500 1736 1870 1800 ingeniosior-es
1890 1735 2045 1797 vulgo
2064 1733 2389 1810 habeantur!
2436 1734 2454 1762 ⁸
2476 1734 2564 1786 Ne

1501 1811 1600 1861 boc
1622 1809 1870 1875 quidem,'
1888 1810 2077 1874 inquit,
2111 1810 2129 1836 ‘
2152 1805 2450 1872 negaverim
2486 1823 2567 1861 se·

1501 1887 1590 1956 qni
1631 1887 1936 1955 pierumque
1977 1886 2108 1935 banc
2153 1884 2463 1952 opinionem,
2504 1893 2569 1939 ut

1524 1962 1689 2012 ortius
1723 1961 1899 2011 dicere
1924 1961 2201 2011 videantur
2232 1962 2423 2012 indocti
2462 1964 2567 2027 pri-

1497 2051 1636 2086 mum
1659 2038 1788 2088 vitio
1812 2037 1943 2086 male
1960 2037 2326 2103 judicantium,
2347 2040 2434 2106 qui
2457 2055 2564 2094 ma·

1487 2114 1662 2178 jorem
1698 2113 1892 2164 babere
1929 2114 2032 2163 vim
2083 2116 2307 2165 credunt
2344 2130 2409 2167 ea
2441 2131 2560 2182 quoe

1496 2205 1600 2240 non
1652 2191 1846 2240 babent
1890 2197 2091 2241 artem:
2149 2199 2210 2242 ut
2265 2189 2564 2260 effringere,

1497 2281 1651 2333 qnam
1698 2267 1935 2332 aperire:
1990 2281 2233 2333 rumpere
2276 2283 2429 2333 quam
2463 2269 2565 2319 soi-

1497 2357 1641 2393 vere:
1692 2343 1898 2394 trabere
1933 2357 2084 2409 quam
2121 2346 2332 2410 ducere,
2371 2350 2564 2410 putant

1495 2419 1777 2469 robustius.
1843 2418 1977 2468 Nam
2000 2427 2056 2470 et
2078 2419 2352 2482 gladiator,
2373 2421 2458 2486 qni
2481 2437 2564 2472 ar·

1494 2509 1694 2545 morum
1734 2494 1922 2545 inscius
1958 2496 2011 2543 in
2044 2510 2269 2560 pugnam
2291 2496 2434 2560 ruit,'
2457 2502 2562 2552 etc.

1493 2570 1634 2621 Ibid.
1667 2571 1685 2600 ‘
1722 2571 1913 2621 Evenit
1949 2585 2332 2636 nonnunquam,
2369 2580 2431 2623 ut
2474 2574 2566 2624 aii·

1496 2648 1620 2714 quid
1665 2648 1863 2714 grande
1918 2647 2165 2710 inveniat,
2213 2649 2301 2714 qui
2352 2662 2562 2718 semper

1493 2723 1850 2790 quaerit‚quod
1886 2724 2096 2773 nimium
2135 2730 2249 2777 est:
2283 2739 2461 2775 verum
2503 2731 2561 2782 et

1495 2814 1614 2850 raro
1635 2800 1828 2863 evenit,
1849 2807 1905 2851 et
1933 2806 2109 2851 cetera
2130 2801 2260 2853 vitia
2295 2815 2400 2852 non
2435 2816 2564 2870 peu·

1494 2883 1592 2926 sat.
1659 2875 1888 2940 Propter
1922 2878 2022 2927 boc
2056 2890 2259 2943 qumque
2299 2878 2562 2932 interdum

1491 2953 1737 3003 videntur
1758 2953 1956 3003 indocti
1996 2954 2198 3019 copiam
2241 2954 2433 3005 babere
2455 2971 2562 3005 ma-

1484 3029 1660 3093 jorem
1684 3030 1819 3096 quod
1843 3030 2024 3080 dicunt
2047 3030 2252 3090 omniag
2287 3030 2456 3082 doctis
2479 3036 2566 3083 est

1494 3107 1683 3157 eiectio
1706 3113 1762 3156 et
1784 3105 2003 3156 modus!
2068 3107 2217 3167 Diui.
2235 3122 2280 3157 c.
2303 3111 2353 3160 8.
2378 3108 2395 3137 ⁴
2416 3108 2560 3166 Quo·

1494 3196 1596 3247 que
1635 3181 1912 3234 notabilior
1952 3182 2272 3254 paupertas:
2306 3186 2406 3238 &c.
2470 3185 2561 3244 Sic

1494 3256 1676 3310 Quint.
1720 3259 1757 3308 1.
1802 3271 1891 3308 ιη.
1934 3261 1985 3315 7.
2026 3259 2043 3286 ⁴
2069 3259 2301 3316 Fortuna
2326 3276 2558 3327 ....quo

1490 3334 1716 3386 minores
1753 3347 1879 3407 opes
1920 3330 2151 3396 fuerunt,
2200 3349 2263 3386 eo
2305 3337 2557 3402 majorem

1490 3412 1781 3463 benefactis
1803 3412 2017 3476 gloriam
2040 3413 2210 3477 parit!

1564 3488 1704 3538 Dial.
1743 3501 1790 3539 c.
1829 3493 1909 3538 15.
1970 3489 2137 3541 retem
2171 3494 2359 3540 tantun
2396 3496 2445 3542 et
2475 3507 2559 3544 aas·

1492 3564 1630 3628 tique
1674 3563 1886 3619 war-is.
1961 3564 2146 3615 Quint.
2180 3576 2237 3614 x.
2281 3569 2327 3615 1.
2393 3565 2559 3620 ‘Qui-

1494 3639 1613 3690 dem
1647 3642 1784 3689 solos
1817 3646 2023 3692 veteres
2060 3639 2307 3704 legendos
2353 3645 2559 3708 putant,

1491 3729 1660 3781 neque
1708 3716 1762 3764 in
1798 3715 1914 3765 ullis
1958 3715 2072 3765 aliis
2107 3732 2225 3772 esse
2264 3719 2557 3770 naturalem

1492 3791 1839 3857 eloquentiam
1882 3796 1939 3841 et
1980 3791 2138 3844 robur
2174 3793 2292 3843 viris
2343 3793 2557 3859 dignum

1492 3869 1829 3926 arbitrantur.
1895 3870 2045 3924 Alios
2081 3885 2263 3926 recens
2303 3871 2416 3921 baec
2458 3872 2558 3921 las·

1492 3948 1628 3998 civia
1651 3946 1976 4012 deliciaeque,
2008 3955 2063 3998 et
2093 3946 2264 3997 omnia
2287 3947 2351 3997 ad
2375 3947 2555 4013 volup·

1492 4031 1654 4074 tatem
1687 4023 2032 4073 multitudinis
2065 4024 2322 4086 imperita
2345 4037 2557 4087 compo·

1492 4102 1593 4151 sita
1616 4099 1897 4150 delectant.
1964 4099 2095 4150 Sunt
2129 4099 2291 4152 etiam
2328 4097 2416 4165 qui
2439 4112 2553 4149 rec-

1492 4184 1603 4227 tum
1628 4175 1834 4226 dicendi
1857 4189 2018 4241 genus
2039 4175 2184 4239 sequi
2209 4176 2405 4225 volunt.
2445 4171 2555 4225 Am

1462 4258 1466 4262 ’
1493 4267 1671 4318 pressa
1692 4252 1897 4304 demum
1918 4259 1977 4303 et
1999 4248 2198 4316 tenuia,
2236 4256 2289 4301 et
2322 4263 2438 4314 quae
2458 4249 2554 4301 mi·

2292 4330 2421 4382 ill-¹
