3000 4859
1050 390 1458 454 sumemus,
1502 388 1669 441 car.
1714 374 1824 441 28.

2335 375 2510 446 85ss

311 543 537 604 natum
558 537 797 604 filium⁸
820 537 1062 603 amisit.
1150 536 1376 615 Quem
1413 543 1645 601 casum'
1676 553 1910 621 neque,
1959 539 2036 600 ut
2061 535 2356 620 plerique
2384 534 2516 600 ιὀῐὲ

310 640 476 704 tium
512 642 826 717 virorum,
879 640 1255 717 ambitiose,
1256 647 1286 674 ¹²
1316 655 1555 722 ‘neque
1609 659 1729 722 per
1776 638 2093 703 lamentav
2145 656 2374 702 rursus
2430 656 2513 702 ac

306 790 560 852 perculsus,
590 791 807 851 genitum
846 790 941 840 sibi
981 791 1213 853 superiori
1246 806 1367 840 anuo
1390 790 1560 855 fllium
1592 789 1771 839 misit.
1840 790 1992 845 Quem
2023 789 2200 838 luctum
2238 803 2386 850 neque
2423 802 2511 851 pei·

309 855 982 918 matoneum,
1016 861 1070 904 ut
1104 856 1312 919 plerique
1343 854 1923 920 raffau-geminust,
1942 852 2515 916 acquretiuussumoesti·

1316 958 1531 1010 NOTAE

310 1047 397 1111 (ut
413 1041 581 1091 multa
595 1042 830 1092 luctuosa
843 1040 993 1092 dolor
1009 1040 1231 1106 invenit)
1246 1056 1375 1105 prae·

310 1117 763 1182 cipicutem,quod
781 1118 831 1166 in
849 1125 1035 1180 vestes,
1050 1119 1374 1181 margaritas,

313 1206 560 1255 gemmas,
602 1192 770 1242 fuerat
812 1200 1132 1257 erogaturus,
1180 1193 1278 1246 boc
1321 1198 1371 1243 in

309 1268 464 1317 thura
500 1275 559 1317 et
592 1277 855 1331 unguenta
890 1277 946 1319 et
970 1270 1152 1319 odores
1176 1270 1373 1334 impen-

310 1343 558 1394 deretur?
624 1343 741 1396 noc
771 1345 899 1395 dicit
933 1344 998 1395 de
1038 1346 1213 1409 puella
1249 1353 1370 1397 ante

312 1418 522 1481 nuptias
545 1418 909 1484 intempestivo
925 1419 1036 1502 fato
1058 1422 1198 1485 patri
1221 1435 1372 1485 erep-

313 1500 366 1542 ta
389 1500 444 1543 et
466 1509 592 1558 rogo
617 1495 871 1560 imposita.

376 1571 393 1600 ¹
424 1570 800 1636 Nauffiam]
854 1572 960 1624 Qui
979 1573 1112 1623 alter
1133 1574 1199 1623 ab
1235 1587 1298 1624 eo
1318 1573 1378 1623 fi-

312 1647 401 1706 lio,
432 1647 501 1697 de
532 1662 637 1712 quo
671 1649 891 1699 'l'aeitus
913 1657 1087 1709 antea,
1121 1666 1238 1701 cnm
1259 1653 1378 1703 soil.

312 1722 627 1786 Agricolain
650 1723 777 1774 Asia
796 1735 1022 1790 qnaestor
1038 1735 1193 1790 essct,
1212 1734 1268 1777 et
1289 1728 1379 1793 qui

310 1797 586 1851 interierat
608 1815 736 1865 puer
755 1802 1028 1852 admodum
1046 1804 1233 1853 multos
1254 1811 1377 1854 ante

303 1888 494 1924 anuos.
563 1873 638 1925 At
669 1875 823 1926 istum
863 1878 1191 1929 novissimum
1241 1879 1377 1929 baud

314 1950 469 2002 dubie
486 1953 818 2014 susceperat'
804 1968 856 2002 ιιι
875 1952 1166 2004 Britannia.

377 2028 517 2076 Anno
548 2034 659 2077 ante
690 2035 852 2079 natum
869 2029 1056 2096 fluum]
1091 2031 1211 2080 Non
1235 2032 1377 2106 inge·

312 2102 443 2153 bant
478 2104 677 2154 solenni
716 2105 817 2154 ritu
853 2119 1037 2178 pueros
1060 2101 1288 2157 investes
1313 2122 1374 2158 ac

313 2186 673 2244 praetextatos,
696 2186 752 2229 et
772 2180 1043 2231 immatura
1067 2191 1234 2233 morte
1258 2198 1375 2247 rap-

315 2263 433 2305 tos·
421 2291 434 2304 .
474 2256 610 2319 quod
636 2263 782 2319 patet
798 2258 938 2307 clare
961 2258 1099 2321 apud
1114 2260 1372 2322 Tacitum,

314 2329 403 2378 ubi
446 2329 511 2378 de
548 2329 728 2380 funere
762 2332 1068 2381 Britannici.
1135 2334 1205 2382 Et
1228 2334 1371 2384 Plut.

316 2405 521 2454 Cousol.
554 2405 621 2455 ad
658 2419 900 2455 uxorem:
937 2409 955 2436 ‘
978 2406 1097 2456 Hoc
1120 2409 1374 2471 cujusmo-

315 2475 368 2529 di
388 2481 477 2540 sit,
490 2487 547 2530 et
565 2479 688 2545 quid
708 2482 758 2530 in
782 2497 844 2531 eo
865 2482 1084 2531 maxime
1099 2483 1167 2531 sit
1182 2498 1376 2551 verum,

312 2556 475 2619 magis
496 2557 676 2620 ,prisci
720 2567 880 2623 atque
923 2559 1050 2609 aviti
1092 2560 1377 2611 ostendunt

312 2643 523 2692 morem
560 2633 648 2697 qui
684 2647 853 2697 neque
889 2633 1173 2686 infantibus
1203 2639 1378 2700 pueris

310 2706 526 2757 inferias
547 2707 817 2770 ferebant3
840 2723 1008 2775 neque
1027 2719 1204 2763 cetera
1225 2712 1378 2763 facie-

312 2784 459 2846 bant,
500 2797 617 2850 quas
652 2801 746 2849 pro
785 2787 896 2836 aliis
918 2790 1132 2838 mortuis
1151 2788 1264 2839 fieri
1289 2804 1382 2854 par

314 2870 412 2911 est.
478 2861 725 2912 Nondum
787 2864 920 2912 enim
969 2864 1046 2913 bis
1102 2872 1241 2915 terra
1267 2866 1278 2877 “
1296 2874 1377 2916 est

313 2938 704 3001 communicata,
717 2952 882 3003 neque
893 2925 1070 2990 eorum
1085 2940 1379 3005 quicquam,

315 3027 431 3078 qnae
456 3021 599 3062 terra
636 3020 932 3067 nascuntur.
998 3016 1185 3079 Neque
1207 3017 1377 3081 sepul·

314 3101 406 3140 era
443 3090 784 3140 exstruebant
824 3106 990 3157 neque
1030 3099 1380 3156 monumenta,

314 3180 411 3215 nec
426 3166 778 3229 expositiones
792 3175 1105 3216 mortuorum
1120 3167 1377 3231 amabant,

313 3255 412 3290 uec
430 3242 731 3304 corporibus
755 3240 1073 3291 assidebant.
1110 3242 1218 3292 Hos
1242 3205 1397 3292 ειιίιιι

314 3316 491 3380 lugere
517 3316 794 3380 prohibent
812 3316 983 3380 leges3
1023 3318 1236 3380 perinde
1255 3333 1316 3368 ac
1333 3319 1380 3367 si

315 3393 526 3457 impium
547 3394 615 3443 sit
636 3407 724 3443 eos
744 3393 981 3457 lacrymis
1003 3395 1266 3460 prosequi,
1290 3394 1377 3460 qui

315 3468 368 3517 in
392 3470 654 3518 meliorem
687 3475 744 3518 et
777 3470 943 3533 magis
958 3468 1185 3519 divinum
1205 3471 1377 3520 locum

316 3545 777 3609 transmigraruntss
793 3548 893 3594 dcc.

366 3629 403 3655 ‘¹¹
441 3621 509 3671 Ue
544 3620 968 3685 pler-iquesortiam
986 3620 1375 3681 viror-amauriti-

312 3698 456 3761 tione]
488 3698 706 3760 Dubito,
729 3711 846 3747 num
870 3698 952 3746 bic
974 3697 1167 3747 munitio
1187 3695 1378 3746 refera-

315 3782 401 3824 tur
444 3773 512 3823 ad
557 3774 850 3838 principum
915 3774 1139 3823 virorum
1177 3772 1379 3836 funera,

316 3866 433 3916 quae
452 3850 594 3914 apud
626 3851 883 3899 Romanoa
909 3856 1173 3899 sumtuosa
1193 3863 1381 3914 pompa

315 3926 735 3978 celebrabantur.
800 3926 930 3975 Ideo
947 3926 1014 3975 de
1034 3925 1304 3975 Germanis
1327 3928 1381 3975 in

318 4002 618 4067 supradicto
685 4002 817 4051 libro
872 4002 1043 4052 dixit:
1104 4004 1119 4030 ‘
1143 4001 1381 4051 funerum

319 4081 460 4128 nulla
503 4078 753 4127 ambitio!
810 4078 1003 4127 Potius
1045 4091 1252 4141 censeo,
1289 4093 1383 4141 per

320 4154 623 4203 munitionen·
680 4152 903 4216 intelligi
962 4153 1270 4204 constantia:
1319 4168 1379 4203 ac

321 4225 640 4280 fortitudinis
656 4227 1077 4295 ostentationem,
1103 4229 1239 4296 quod
1261 4243 1385 4281 cous

1451 1042 1595 1091 venit
1637 1056 1754 1091 cum
1793 1039 2126 1105 sequentibus
2165 1037 2357 1103 verbis,
2388 1039 2402 1066 ‘
2427 1052 2519 1089 ne·

1452 1134 1554 1183 que
1604 1131 1699 1182 per
1745 1119 1974 1167 lamenta
2023 1113 2229 1179 rursus,'
2266 1118 2366 1166 διο.
2433 1114 2520 1164 Pi-

1450 1193 1699 1332 c'manaan
1729 1276 1788 1319 ut
1810 1269 1966 1318 animi
1989 1266 2161 1329 robur,
2183 1267 2326 1331 quasi
2347 1266 2518 1317 dolori

1450 1347 1709 1411 imperare
1732 1353 1929 1410 posset,
1962 1351 2242 1407 ostentans,
2269 1344 2411 1394 nulla
2427 1344 2518 1394 bu-

1435 1422 1589 1471 'mani
1616 1420 1836 1472 affectus
1868 1420 2013 1484 signa
2043 1422 2225 1471 daret:
2266 1425 2324 1468 ut
2350 1420 2410 1480 is,
2430 1419 2519 1484 qui

1449 1496 1685 1547 nuntiata
1703 1503 1864 1546 morte
1898 1495 2008 1556 filii,
2050 1494 2172 1543 nihil
2205 1500 2372 1544 motus
2395 1501 2474 1544 est
2501 1511 2515 1544 ς

1455 1575 1470 1602 ‘
1487 1572 1759 1634 Sciebam,'
1783 1573 1968 1637 inquit,
1989 1573 2004 1600 ‘
2022 1587 2105 1621 me
2127 1571 2364 1635 genuisse
2383 1586 2519 1622 mor·

1456 1649 1649 1700 talem:
1712 1650 1837 1709 Hic,
1877 1656 1936 1699 ut
1978 1648 2031 1697 in
2069 1648 2207 1697 omui
2250 1663 2323 1709 re,
2354 1648 2518 1712 liquet

1456 1724 1664 1775 modum
1682 1739 1798 1775 esse
1814 1725 2083 1789 optimum.
2130 1723 2418 1784 Vir-dangu.

1522 1801 1609 1852 Sic
1631 1801 1822 1851 veteris
1843 1799 2066 1850 instituti
2102 1813 2164 1848 ac
2200 1799 2356 1848 moris
2398 1796 2518 1859 fnit,

1459 1883 1749 1941 temperare
1785 1878 2040 1940 lacrymas
2077 1876 2129 1923 in
2151 1873 2418 1939 juniorum
2441 1872 2521 1923 fu·

1455 1954 1683 2004 neribus.
1748 1953 1836 2003 Sic
1888 1953 2026 2004 Anu.
2083 1964 2210 2002 ιιιιι.
2261 1950 2404 2000 Nero
2449 1950 2517 2000 de

1452 2027 1800 2080 Britannico:
1848 2031 1864 2058 ‘
1890 2027 1955 2078 Id
1992 2042 2023 2077 a
2056 2026 2330 2091 majoribus
2373 2025 2520 2075 insti·
2565 2089 2570 2092 ,

1453 2112 1624 2155 tutum
1689 2102 1940 2166 referens,
1994 2100 2303 2153 subtrahere
2356 2101 2518 2149 oculis

1453 2181 1647 2232 acerba
1685 2179 1886 2242 funera,
1921 2191 2090 2243 neque
2134 2175 2518 2226 laudationibus

1453 2266 1546 2308 aut
1560 2273 1756 2323 pompa
1777 2254 2065 2307 distinere.'
2128 2254 2315 2318 Neque
2349 2251 2519 2308 landaf

1452 2334 1642 2383 bantur
1685 2333 1891 2396 publice
1927 2333 1979 2380 iu
2012 2329 2246 2393 exequiis
2264 2334 2516 2376 matrona

1445 2409 1702 2473 juniores,
1733 2408 1860 2456 licet
1892 2404 2089 2456 nobiles
2110 2419 2171 2453 ac
2194 2402 2481 2466 splendida
2499 2417 2515 2449 t
2610 2431 2620 2439 ·

1452 2484 1508 2534 id
1532 2484 1691 2534 decus
1712 2489 2010 2546 usurpatum
2054 2481 2105 2528 in
2146 2477 2366 2526 feminis
2404 2482 2517 2525 tan·

1455 2568 1565 2609 tum
1585 2559 1781 2623 virtute
1818 2564 1874 2607 et
1910 2561 2068 2605 aetate
2092 2550 2516 2617 provectioribus.

1523 2635 1687 2699 Neque
1719 2639 1780 2684 ut
1817 2633 2029 2697 plerique
2048 2629 2256 2691 sortium
2290 2628 2517 2684 virorum,

1455 2709 1725 2771 ambitiose]
1775 2708 1998 2760 Quintil.
2035 2705 2172 2755 deci.
2206 2705 2375 2752 vm.·‘
2400 2702 2520 2751 Nou

1456 2786 1615 2834 babet
1636 2785 1829 2833 orbitas
1854 2791 2027 2832 vestra
2052 2783 2301 2843 lacrymas
2326 2793 2341 2838 ς
2362 2791 2521 2840 super

1454 2859 1702 2910 ardentes
1739 2873 1891 2923 rogos
1933 2846 2125 2907 tenetis
2165 2857 2521 2904 inconcussam

1456 2936 1775 3002 rigidamque
1796 2933 1980 2983 faciem
2005 2949 2020 2992 ;
2061 2931 2148 2980 itis
2172 2929 2372 2979 obviam
2396 2941 2519 2977 con-

1457 3011 1792 3062 solationibus
1816 3026 1831 3072 ;
1854 3017 1912 3058 et
1927 3007 2065 3073 quod
2087 3019 2290 3055 omnem
2313 3002 2518 3070 modurn

1458 3085 1684 3137 feritatis
1722 3086 1949 3147 excedit,
1986 3082 2210 3148 captatis
2240 3081 2294 3130 iu
2328 3094 2517 3144 magna

1460 3163 1755 3213 calmitate
1781 3161 2015 3212 laudari!

1522 3246 1543 3272 V
1581 3239 1677 3287 Per
1725 3237 1953 3299 lamenta]
2005 3237 2150 3286 Plut.
2204 3232 2412 3284 Consol.
2452 3233 2519 3283 ad

1455 3329 1708 3364 uxorem.
1696 3332 1708 3345 ·
1761 3315 1777 3342 ‘
1801 3312 2056 3380 Equidem
2098 3311 2290 3360 bomini
2333 3310 2419 3374 pio
2460 3315 2520 3360 et

1455 3389 1711 3440 benevolo
1748 3390 1801 3439 in
1849 3403 1966 3439 suos
2004 3387 2343 3452 gratulamur,
2380 3385 2521 3451 quod

1456 3479 1646 3542 θοι-οη
1677 3467 1765 3531 qui
1809 3481 1839 3515 e
1879 3467 1993 3515 vita
2032 3469 2386 3526 excesserunt,
2429 3462 2526 3511 de-

1451 3542 1660 3607 siderio,
1671 3541 1880 3604 bonore,
1893 3548 1949 3590 et
1962 3539 2206 3589 memoria
2221 3543 2522 3598 moreatnr3

1454 3620 1568 3668 baec
1591 3625 1713 3668 vero
1731 3616 1946 3668 fletuum
1972 3617 2297 3681 inexplebilis
2317 3614 2520 3679 eupidi-

1455 3696 1838 3760 manaen-ymas,
1849 3695 2079 3758 corporis
2095 3692 2426 3743 contusiones
2447 3692 2518 3739 lu-

1458 3771 1847 3836 cerationesque
1903 3769 2136 3831 afferens,
2181 3769 2340 3818 nihilo
2393 3778 2517 3816 sane

1458 3855 1539 3896 est
1578 3847 1854 3910 honestior,
1891 3860 2042 3912 quam
2077 3846 2182 3908 ilis,
2203 3858 2319 3907 que
2353 3842 2405 3890 in
2429 3855 2518 3890 vo-

1457 3923 1744 3986 luptatibus
1771 3930 2006 3973 versatur
2027 3916 2414 3969 immoderatio!

1524 3998 1673 4049 Infra
1717 4016 1730 4048 z
1779 4002 1798 4029 ⁴
1846 3998 1983 4052 Quid
2039 3995 2175 4044 enim
2231 3992 2518 4057 absurdius,

1461 4092 1613 4140 quam
1637 4076 1794 4126 risum
1816 4075 2024 4124 nimium
2060 4079 2151 4122 aut
2186 4069 2527 4120 immodicum·

1460 4154 1697 4216 gaudium
1734 4166 1764 4202 e
1794 4152 1900 4200 vita
1924 4149 2126 4210 tollere,
2159 4147 2242 4195 bis
2263 4157 2385 4195 vero
2424 4142 2516 4196 fle-

1461 4235 1606 4279 tuum
1644 4235 1700 4278 et
1734 4225 2157 4277 lamentationum
2191 4221 2518 4274 fluctibuaen
