3000 4859
1012 389 1420 453 scamonii,
1467 391 1630 439 osv.
1671 376 1784 441 31.

2315 374 2491 444 „m
2533 399 2540 405 .

283 529 567 597 ludibrio
606 536 763 597 est:
809 529 933 610 sic‘,
988 532 1062 599 in
1106 533 1233 597 hoc
1282 532 1462 598 orbis
1520 540 1834 602 terrarum
1871 537 2090 612 vetere
2140 529 2489 613 famulatu,

282 634 439 697 novi
483 651 615 706 nos
657 639 726 698 et
752 634 920 699 viles
964 634 1033 697 in
1062 634 1398 698 excidium
1425 635 1731 720 petimur.
1820 635 2066 720 Neque
2106 637 2278 700 enim
2325 655 2489 718 nrm

282 736 505 813 nobis,
535 740 654 800 aut
691 736 1012 814 metalla}
1041 741 1155 800 aut
1200 742 1429 819 portus
1470 742 1647 815 sunt,
1678 737 1925 821 quibus
1955 733 2343 802 exercendis
2385 758 2490 802 re-

280 893 412 950 tium
432 901 590 950 etiam
611 900 1074 952 contubernalibus
1098 901 1270 952 irrisui
1292 908 1371 950 est
1393 919 1408 951 τ
1460 901 1560 964 sic,
1581 905 1628 951 et
1650 902 1702 951 ln
1721 902 1819 952 hnc
1842 903 2051 966 antiqua
2071 900 2210 953 orbis
2233 907 2486 952 terrarum

283 965 557 1025 servitute,
590 972 828 1016 recentes
865 980 957 1015 nos
1000 973 1057 1015 et
1088 967 1217 1016 viles
1254 967 1308 1015 in
1348 966 1576 1034 exitium.
1598 967 1895 1031 querimur.
1980 968 2166 1031 Neque
2201 968 2341 1016 enim
2378 967 2488 1030 agri

282 1028 450 1093 nobis,
468 1030 549 1078 vel
574 1028 902 1092 aurifodinae,
924 1036 1016 1081 sut
1036 1030 1270 1095 emporia
1290 1037 1431 1094 sunt,
1446 1030 1630 1097 qulbus
1649 1033 1853 1081 aunan
1872 1031 2269 1095 exercendisque
2287 1045 2491 1082 conser-

1276 1160 1497 1212 NOTAE

282 1254 368 1306 vel
389 1252 459 1305 ob
481 1254 707 1319 priorum
729 1256 1015 1322 nequitiam
1037 1271 1098 1307 ac
1122 1256 1345 1321 pravita-

282 1335 422 1388 tsi-‚2
453 1331 541 1380 cui
571 1332 818 1396 nequitie
854 1332 1078 1383 nondum
1100 1332 1231 1383 faeti
1266 1347 1345 1382 re-

280 1411 456 1458 centes
480 1407 588 1470 isti,
607 1409 696 1473 qui
718 1421 886 1472 nuper
915 1408 968 1458 in
991 1409 1173 1459 urbem
1203 1408 1348 1472 pedi·

281 1480 378 1532 bus
421 1482 552 1532 albis
596 1484 823 1545 advecti,
872 1493 927 1534 et
961 1484 1187 1535 nondum
1219 1484 1344 1535 satis

280 1556 465 1608 inbuti
518 1559 739 1623 ingeniis
782 1567 840 1609 et
892 1558 1078 1621 fraude
1132 1561 1304 1611 servili
1326 1578 1342 1622 ς

278 1632 499 1699 ideoque
554 1635 705 1684 initio
759 1633 1130 1700 displicebant.
1201 1636 1344 1686 Irrisi

278 1716 425 1758 certe
487 1717 706 1772 propter
748 1709 1056 1760 industriam
1101 1717 1339 1776 artesque

279 1789 333 1836 et
356 1782 585 1836 delicata
607 1785 905 1848 ministeria,
939 1785 1123 1850 quibus
1142 1785 1261 1835 novi
1286 1791 1342 1834 et

278 1859 434 1912 rudes
473 1859 562 1911 isti
581 1866 821 1911 recentes
842 1868 993 1911 erant
1015 1869 1070 1911 et
1090 1862 1340 1928 vetustio-

276 1948 361 1985 res
383 1933 772 2002 precellebant.
838 1935 940 1985 Sed
964 1935 1102 2001 quod
1140 1943 1342 2001 specta·

278 2010 367 2066 bnt
388 2010 456 2060 nd
479 2010 713 2061 dominos
745 2011 1140 2076 splendidIores,
1160 2019 1218 2061 et
1235 2012 1340 2061 ele-

274 2086 448 2152 gantis
482 2085 676 2151 ingenii
709 2086 1002 2151 eruditique
1041 2079 1191 2136 luxus
1227 2101 1343 2150 pro-

276 2173 444 2224 ceres,
471 2168 527 2211 et
549 2161 711 2211 etiam
746 2161 812 2210 ad
833 2160 1125 2225 splendidas
1150 2157 1340 2212 delica-

276 2242 459 2304 tusque
481 2236 734 2298 foeminas,
754 2244 901 2288 certe
922 2242 1128 2293 recentes
1148 2235 1339 2287 servuli

275 2317 432 2362 aetste
478 2328 540 2364 ac
585 2311 765 2375 forms,
786 2313 935 2362 simul
973 2318 1030 2362 et
1057 2313 1342 2363 decentiores

274 2387 631 2452 gratioresque
669 2396 837 2452 eraut,
856 2402 1012 2453 quam
1052 2388 1248 2451 priores
1283 2394 1341 2438 et

274 2463 492 2523 exoleti,
511 2477 724 2527 quorum
739 2463 854 2526 jam
879 2469 1007 2513 atas
1030 2462 1341 2527 provectior,

272 2545 330 2587 et
352 2537 688 2602 pulchritudo
710 2554 826 2590 cum
855 2545 1015 2610 etate
1037 2535 1340 2588 defloresce-

273 2607 383 2661 bst.
452 2613 627 2664 Quare
665 2621 719 2662 et
755 2615 969 2663 decentes
988 2611 1181 2674 Plinio,
1202 2612 1340 2677 quod

273 2684 410 2735 idem
433 2692 519 2735 est
537 2699 598 2736 ac
616 2687 792 2737 decori
833 2703 924 2737 sen
945 2683 1150 2737 honesti
1174 2683 1338 2749 digni·

274 2753 373 2827 que
392 2757 856 2827 domo'splendida,
870 2769 1137 2815 vocantur.
1161 2763 1336 2816 Qiiare

272 2847 376 2885 non
426 2843 623 2886 temere
678 2837 1013 2902 corrigendus
1061 2834 1334 2887 Suetonius

270 2905 387 2961 loco
406 2910 590 2971 citato,
605 2919 659 2960 et
682 2912 759 2961 illi
773 2914 987 2964 decentes
1001 2913 1136 2962 servi
1153 2910 1334 2974 Plinii,

270 2981 424 3038 simul
478 2993 536 3038 et
571 2992 780 3038 recentes
820 2994 1001 3049 erant3
1057 2987 1180 3053 qnia
1220 2987 1333 3037 scil.

269 3055 441 3130 nuper
462 3062 594 3111 emti.

337 3135 728 3201 Recentissimns]
807 3138 1207 3203 Intelligendum
1242 3147 1340 3205 est,

272 3210 551 3290 plurimum
594 3211 669 3261 sic
711 3226 765 3261 se
807 3209 1065 3275 habuisse,
1096 3223 1156 3264 ut
1201 3215 1339 3265 servi

273 3288 591 3337 recentiores
614 3288 818 3338 viliores
840 3285 1033 3354 forent,
1069 3299 1125 3340 et
1160 3288 1339 3342 irride-

272 3357 457 3412 rentur
480 3359 546 3412 ab
568 3363 698 3427 aliis,
720 3365 805 3430 qui
830 3366 941 3428 jam
971 3366 1163 3417 assueti
1198 3368 1340 3431 inge-

270 3440 357 3489 nio
379 3453 679 3504 magnarum
694 3435 955 3505 domnum,
970 3449 1024 3492 et
1043 3443 1339 3494 ministeriis

271 3511 423 3590 facti,
442 3518 597 3581 longe
619 3517 895 3568 habiliores
917 3525 975 3567 et
996 3518 1339 3582 elegantiores
1362 3553 1369 3562 -

269 3601 455 3646 eraut:
517 3605 576 3646 nt
619 3602 800 3645 contra
837 3597 958 3646 novi
1000 3603 1057 3646 et
1097 3604 1339 3647 recentes

265 3672 462 3721 servuli
506 3670 765 3734 inexperti
804 3682 859 3721 et
899 3672 1085 3734 rudes;
1117 3672 1337 3738 ideoque

266 3735 495 3812 ludibrio
517 3746 632 3795 aliis
652 3753 802 3795 erant
818 3739 987 3810 initio,
1007 3746 1174 3796 donec
1199 3755 1338 3812 tyro-

268 3820 392 3873 cinii
410 3827 468 3872 et
489 3822 759 3886 elegantia
776 3837 837 3872 ac
860 3822 1164 3873 deliciarum
1183 3817 1339 3874 Rom.

267 3887 565 3963 rudimenta
607 3897 981 3961 deposuissent.
1049 3898 1165 3947 Nec
1201 3898 1338 3947 enim

266 3973 419 4026 licuit
440 3974 673 4025 omuibus
694 3975 906 4038 habere,
949 3980 1006 4024 et
1025 3988 1199 4024 emere
1220 3989 1338 4037 pre·

266 4049 343 4100 tio
374 4048 628 4100 formosos
651 4049 1001 4114 decentesque
1021 4062 1053 4097 a
1075 4048 1339 4114 mangoni-

269 4115 599 4198 buslpueros,
623 4133 715 4175 ant
737 4122 823 4190 qui
856 4125 968 4189 jam
987 4123 1261 4174 servissent
1282 4129 1340 4173 et

271 4202 481 4276 egperti
522 4199 925 4272 ministeriorum
966 4205 1027 4251 et
1062 4197 1336 4264 elegantia

1424 1261 1631 1318 esseut3
1664 1255 1752 1322 qui
1791 1257 2078 1307 decentiores
2115 1261 2290 1306 essent
2332 1251 2490 1324 facie,

1425 1339 1603 1395 ttate,
1622 1339 1680 1382 et
1701 1327 1864 1396 cultu,
1875 1331 2141 1395 formaque
2154 1330 2338 1380 liberali
2359 1344 2489 1392 prae·

1426 1409 1696 1458 cellerent.
1746 1407 1812 1457 Id
1834 1414 2053 1472 potuere
2077 1411 2277 1456 tantum
2299 1404 2491 1468 princi·

1425 1498 1520 1550 pes
1546 1491 1603 1532 et
1635 1496 1908 1546 proceres;
1941 1496 2085 1544 neque
2105 1481 2242 1530 enim
2263 1481 2486 1532 liccem

1422 1560 1560 1629 nibus
1610 1561 1744 1609 adire
1793 1559 2089 1608 Corinthum.
2157 1559 2276 1608 Non
2312 1565 2487 1608 tamen

1422 1648 1522 1685 vox
1543 1635 1803 1685 recentiora
1825 1635 1961 1699 apud
1984 1635 2288 1683 Suetonium
2328 1631 2486 1684 fuerit

1421 1710 1534 1760 sine
1558 1725 1709 1760 sensu
1730 1728 1743 1759 ε
1780 1711 1899 1775 quia
1922 1723 2108 1774 nempe
2132 1717 2288 1759 aetste
2317 1708 2487 1772 junio·

1420 1800 1504 1836 res
1521 1787 1933 1850 recentioresque
1955 1781 2030 1833 illi
2049 1784 2256 1849 ephebi,
2267 1783 2487 1848 ideoque

1418 1863 1569 1913 slmul
1606 1869 1663 1912 et
1680 1862 1965 1911 decentiores
1985 1866 2168 1910 erant:
2205 1859 2292 1924 qui
2323 1873 2486 1922 oppo-

1420 1931 1633 1999 nuntur,
1677 1943 1735 1986 ut
1774 1937 1848 1985 ait
1890 1935 2240 1998 casaubonus,
2274 1934 2485 1984 exoletis.

1419 2012 1740 2077 Paedagogis
1758 2012 1847 2061 illa
1862 2013 2065 2061 recentia
2082 2012 2241 2075 magis
2259 2018 2486 2074 tempes-

1419 2088 1548 2152 tive,
1568 2102 1658 2137 sen
1681 2095 1841 2138 aetate
1864 2093 1920 2137 et
1934 2093 2198 2136 vetustate
2219 2086 2373 2150 longe
2398 2095 2489 2136 ex-

1420 2164 1742 2232 cellentiora,
1764 2163 2028 2228 magisque
2051 2162 2261 2223 decora,
2283 2167 2338 2212 et
2377 2176 2486 2212 ma·

1420 2240 1499 2303 gis
1523 2239 1573 2287 ἐν
1593 2238 1705 2303 ὥρᾳ,
1728 2244 1789 2287 ut
1811 2237 1994 2287 dicunt
2017 2236 2215 2297 Graeci,
2236 2250 2336 2286 non
2361 2251 2485 2287 vero

1420 2316 1567 2378 dura,
1607 2323 1698 2365 aut
1748 2311 2072 2378 παρηβηκότα.
2161 2314 2374 2368 Sueten.
2419 2312 2486 2363 de
2527 2343 2534 2351 ·

1420 2390 1594 2441 Galba
1612 2395 1695 2439 22.
1728 2390 1744 2417 ‘
1764 2391 1825 2439 ln
1846 2405 2015 2439 mares
2038 2390 2248 2454 pronior
2267 2406 2281 2450 3
2307 2395 2362 2438 et
2379 2403 2488 2454 eos,

1421 2480 1527 2516 non
1564 2465 1663 2513 nisi
1693 2464 1959 2528 praeduros
1993 2463 2361 2528 exoletosque:
2382 2467 2484 2518 διο,
2521 2481 2532 2485 “

1419 2541 1577 2590 Teste
1594 2538 1850 2590 Athenaeo
1882 2540 2201 2589 exoletorum
2241 2546 2368 2589 setas
2405 2554 2488 2589 us-

1420 2630 1521 2681 que
1544 2615 1610 2664 ad
1634 2619 1717 2665 28.
1742 2629 1934 2664 annum
1956 2614 2195 2676 duravit3
2230 2620 2339 2662 tum
2364 2627 2487 2663 exo·

1417 2692 1685 2742 leseebant
1720 2691 1928 2741 delicati
1972 2690 2081 2752 isti,
2117 2696 2174 2738 et
2213 2682 2321 2740 tu'm
2363 2701 2485 2738 vere

1417 2768 1612 2817 exoleti
1637 2757 1699 2817 ac
1718 2767 1833 2816 duri
1857 2775 2033 2816 erant:
2070 2767 2180 2815 scil.
2207 2771 2328 2828 post
2365 2771 2488 2814 aeta-

1415 2847 1524 2893 tem
1548 2842 1857 2906 pubertatis,
1874 2856 1986 2906 quae
2007 2846 2087 2890 14.
2107 2855 2239 2890 anno
2261 2846 2486 2901 est,tan-

1418 2917 1630 2969 tandem
1672 2917 1861 2980 aetatis,
1894 2916 2005 2965 scil.
2050 2915 2177 2964 alios
2219 2905 2295 2962 151.
2321 2926 2482 2962 annos
2567 2945 2572 2950 0

1417 2981 1682 3062 addebant
1719 2991 2017 3042 deliciarum
2068 2997 2159 3039 aut
2209 2985 2483 3038 libidinum

1523 3068 1648 3118 itiis.

1415 3067 1522 3206 ,6ιὲ
1537 3147 1688 3194 Arma
1702 3143 1854 3207 nobis,
1867 3148 1950 3192 out
1966 3133 2182 3205 metallo]
2205 3139 2362 3190 Arma
2379 3154 2481 3192 non

1417 3227 1700 3285 potuerunt
1717 3220 1816 3269 illis
1840 3219 2043 3280 deesse,
2067 3218 2154 3283 qui
2169 3217 2350 3281 jamin
2368 3229 2486 3280 pro-

1418 3296 1598 3344 cinctu
1619 3301 1784 3343 erant.
1832 3293 2016 3360 Itaque
2037 3290 2330 3355 legendum,
2349 3304 2485 3356 area,

1418 3369 1515 3419 hoc
1538 3368 1789 3432 est„sgri,
1806 3368 1990 3432 quibus
2008 3366 2323 3435 adjuventur
2345 3380 2484 3415 com-

1418 3454 1639 3496 meatus.
1674 3446 1948 3495 Rhenanus.
2013 3444 2121 3494 Per
2142 3459 2293 3509 arma,
2314 3458 2380 3493 an
2409 3443 2485 3491 in·

1418 3522 1611 3584 telligit
1655 3535 1910 3570 armorum
1965 3518 2214 3582 officinas,
2247 3513 2387 3584 'quas
2429 3518 2483 3566 in

1416 3596 1719 3666 provinciis,
1755 3595 1844 3644 ubi
1882 3589 2008 3644 ferri
2046 3596 2217 3659 copia,
2245 3595 2490 3644 institue·

1418 3672 1549 3721 bsnt
1595 3670 1849 3720 Romani?
1884 3671 1928 3719 si
1982 3676 2231 3735 corrupta
2251 3663 2340 3721 'ea
2381 3685 2482 3722 vox

1417 3733 1571 3816 urnis,
1608 3752 1755 3795 certe
1791 3741 2087 3798 emendatio
2111 3747 2346 3797 Rhenani
2379 3735 2481 3795 non

1415 3823 1582 3890 minus
1603 3821 1727 3871 milii
1748 3829 2016 3886 suspecta.

1483 3896 1637 3947 Quod
1675 3910 1797 3946 vero
1833 3896 1900 3946 de
1931 3896 2131 3946 metallis
2145 3894 2355 3943 Tacitus
2389 3893 2484 3955 ait,

1417 3986 1592 4023 secum
1614 3987 1846 4040 pugnare
1867 3972 2094 4044 yidetnr.
2155 3968 2323 4032 Supra
2343 3967 2481 4018 enim

1418 4049 1470 4097 in
1482 4047 1834 4111 descriptione
1847 4043 2280 4096 Britanniae’dixit
2293 4058 2306 4090 :
2324 4044 2341 4070 ‘
2355 4043 2483 4094 Fert

1418 4124 1694 4173 Britannia
1715 4135 1898 4174 aurum
1929 4128 1987 4190 et
2006 4124 2274 4188 argentum
2303 4123 2360 4167 et
2379 4115 2482 4167 alia

1415 4189 1664 4266 metalla:
1696 4198 1770 4249 Et
1787 4197 1991 4266 Solinus
2010 4198 2160 4282 ezzo..
2176 4195 2193 4221 ⁴
2211 4192 2482 4266 Rraeterea
