3000 4859
999 339 1403 400 aemcons,
1468 337 1631 388 car.
1674 322 1782 389 39.

294 499 417 570 pm:
462 483 885 560 commercia,
930 503 1209 566 quorum
1263 483 1529 546 habitus
1581 487 1647 546 et
1694 483 1912 546 crines
1960 483 2030 546 in
2079 483 2498 567 captivorum

292 583 629 666 speciemm
660 583 1116 649 formarentur:
1163 591 1262 648 at*
1309 606 1485 649 nunc
1533 604 1757 649 veram
1802 603 2243 667 magnamque
2286 587 2499 652 victo·

293 682 489 761 riam,
533 689 628 748 tot
674 686 992 748 millibus⁵
1042 686 1328 748 hostium
1380 686 1599 763 caesiS,
1644 687 1880 766 ingenti
1924 684 2104 747 fama
2154 686 2499 752 celebrari.

296 855 441 904 illum
464 870 492 905 e
518 857 774 907 Germania
796 857 1102 921 triumphumn,
1122 859 1277 921 pretio
1297 859 1581 923 comparatis
1597 858 1906 921 bominibus,
1940 874 2131 922 quorum
2148 859 2312 918 forma
2331 839 2505 910 cuitus-

298 934 388 983 ‹1⁸oe
410 926 457 970 et
479 937 621 971 comoe
641 920 789 971 flavae

811 923 1097 992 captiqomn
1130 923 1286 971 instar
1307 925 1676 973 adm-uarentur:
1708 928 1760 971 ut
1783 939 1901 972 nanc
1932 926 2161 972 sinceram
2181 925 2345 986 ingene

298 985 566 1048 victoriam,
583 987 658 1035 tot
680 981 982 1036 barbam-min
1017 987 1222 1035 millibus
1252 987 1534 1051 interfectis,
1569 986 1899 1050 mag-nasama
1928 988 2246 1052 predicari.
2267 938 2508 1038 Illum

1232 1123 1405 1145 “u“
1411 1126 1493 1146 Ob&
1500 1126 1586 1146 ΙΝ

300 1207 443 1258 ribus
478 1208 809 1273 editionibus,
844 1224 900 1259 uc
931 1223 1071 1257 nnnc.
1103 1208 1428 1259 Brotier.——6
1466 1207 1551 1257 Ita
1590 1208 1752 1260 editio
1789 1210 2035 1276 princeps
2074 1218 2129 1262 et
2169 1212 2507 1265 recentiores.

1308 1388 1521 1439 No'rAE

304 1512 542 1580 ingentia
561 1516 747 1565 ducum
765 1518 990 1581 nomina,
1010 1534 1107 1570 nec
1125 1520 1371 1571 indecora

306 1590 597 1648 nominibus
621 1607 843 1657 corpora
864 1596 1129 1646 vocitare?

378 1667 392 1701 ¹
421 1668 616 1719 Falsum
669 1686 695 1720 e
746 1672 1006 1722 Germania
1059 1674 1372 1738 triumphum]

308 1745 508 1810 xiphii.
530 1746 813 1798 Domitian.
843 1750 859 1776 ‘
878 1750 1161 1816 Postquam
1202 1767 1372 1800 susce-

308 1822 478 1886 pisset
518 1823 570 1872 in
609 1824 939 1876 Germaniam
969 1828 1374 1892 expeditionem,

311 1897 492 1961 rediit,
534 1913 600 1948 ne
643 1901 756 1950 viso
799 1902 1006 1966 quidem
1051 1904 1215 1955 hoste.
1303 1908 1375 1956 Et

311 1972 436 2038 quid
478 1988 702 2038 narrem,
745 1978 929 2041 quibus
970 1980 1251 2031 bonoribus
1308 1982 1374 2031 ob

311 2062 425 2098 eam
482 2064 687 2099 cansam
743 2049 960 2102 affectus
1013 2054 1101 2118 sit,
1155 2063 1375 2122 postque

312 2137 432 2173 eum
466 2124 554 2173 alii
590 2125 930 2189 imperatores
976 2131 1025 2180 ei
1063 2131 1274 2195 similes,
1310 2147 1375 2183 ne

310 2207 672 2263 suspectantes
718 2203 869 2254 vilius
920 2221 1014 2255 sua
1056 2210 1278 2272 censeri,
1309 2210 1377 2260 ob

313 2276 531 2344 exiguos
565 2277 653 2341 qui
693 2278 1010 2331 haberentur
1040 2283 1279 2346 bonores,
1302 2285 1378 2334 in-

313 2351 694 2416 dignarentur!
761 2355 918 2407 Paria
950 2365 1069 2408 sunt
1109 2374 1225 2423 quae
1252 2360 1379 2410 Sue-

315 2430 484 2479 tonius
508 2429 674 2481 refert
697 2431 761 2479 de
786 2433 911 2481 Caio
933 2437 1018 2483 47.
1052 2435 1069 2461 ‘
1091 2434 1381 2485 Conversus

310 2505 435 2556 hinc
459 2506 525 2555 ad
549 2521 723 2556 curam
747 2508 1014 2572 triumphi,
1033 2516 1230 2574 praeter
1260 2524 1383 2574 cap·

316 2581 448 2636 tivos
482 2589 535 2631 et
561 2580 854 2646 transfugas
886 2584 1154 2649 barbaros,
1187 2586 1382 2635 Gallia·

315 2672 430 2706 rum
449 2672 655 2722 quoqne
675 2660 1087 2721 procerissimum
1105 2676 1383 2726 quemque,

315 2740 392 2795 et,
437 2743 495 2782 ut
533 2733 647 2797 ipse
683 2734 917 2799 dicebat,
958 2737 1384 2802 ἅειοθριέμβονι-ον,

317 2823 380 2858 ac
404 2810 677 2858 nonnullos
701 2824 768 2860 ex
802 2811 1124 2877 principibus
1158 2815 1288 2879 legit
1320 2830 1383 2866 ac

316 2886 553 2947 seposuit
576 2886 641 2934 ad
669 2900 938 2951 pompam3
971 2890 1247 2955 eoiigitque
1281 2905 1383 2940 non

318 2967 523 3010 tantum
568 2963 785 3010 rutilare
846 2978 907 3013 ac
950 2964 1257 3015 submittere
1303 2980 1388 3016 co·

318 3051 476 3097 mam,
497 3036 588 3086 sed
611 3045 666 3086 et
690 3051 975 3089 sermonem
1016 3040 1384 3092 Germanicum

319 3110 608 3175 addiscere,
625 3118 681 3160 et
700 3112 906 3162 nomina
921 3114 1192 3165 barbarica
1212 3114 1386 3165 ferre!

325 3185 479 3236 Sunii.

390 3263 576 3312 Libera
596 3262 885 3327 republica,
921 3265 1124 3328 legibus
1157 3273 1386 3328 cautum,

322 3352 389 3390 ue
412 3337 527 3402 quis
561 3338 817 3401 ejusmodi
838 3340 1123 3391 mendaciis
1147 3342 1387 3392 inclares-

326 3421 500 3463 ceret:
527 3427 644 3462 nam
668 3420 727 3463 et
747 3420 945 3463 statuta
967 3430 1140 3478 poena,
1173 3418 1189 3444 ‘
1205 3419 1249 3467 si
1276 3417 1389 3482 quis

323 3487 549 3537 militum
573 3488 703 3536 falso
727 3495 994 3539 strenuum
1028 3491 1153 3554 quid
1193 3490 1389 3541 factum

328 3577 362 3611 a
397 3576 455 3612 se
494 3561 761 3612 retulisset
786 3564 851 3613 ad
887 3563 1152 3614 tribunum
1190 3574 1280 3615 ant
1302 3566 1392 3616 du·

328 3654 465 3703 cem,
484 3640 690 3688 honoris
708 3640 1027 3704 adipiscendi
1042 3641 1235 3705 causa,'
1255 3650 1391 3693 teate

328 3715 571 3779 Polybio.

397 3791 613 3850 Crimini
638 3793 757 3842 huic
791 3792 1059 3857 proprium
1093 3809 1299 3856 nomen,
1338 3798 1398 3845 do

319 3865 466 3927 salsis
481 3869 677 3931 pugnis.
744 3868 963 3918 Plautus
980 3871 1224 3924 'hunul-f
1247 3872 1395 3922 Mille

329 3945 602 3992 memorari
642 3950 839 4008 potest,
862 3946 950 4010 qui
991 3953 1047 3996 et
1081 3947 1306 3997 convicti
1341 3957 1395 3998 et

332 4018 664 4070 condemnati
700 4018 846 4070 falsis
884 4022 950 4071 de
990 4023 1176 4087 pugnis
1213 4024 1395 4073 sient:’

332 4106 434 4157 quo
454 4094 672 4144 crimine
709 4096 1001 4159 postulatus
1035 4112 1068 4145 a
1096 4097 1172 4148 M.
1195 4098 1396 4150 Catone

336 4167 582 4243 Censorio
605 4169 710 4224 Qu.
732 4169 980 4222 'l'liermus
1013 4173 1263 4252 oratione,
1280 4189 1397 4240 quas

1450 1521 1723 1586 inscripta,
1756 1523 1806 1572 ia
1854 1524 1918 1579 Q.
1953 1523 2221 1573 Minucium
2263 1521 2512 1572 ster-muns

1450 1600 1510 1648 de
1533 1597 1679 1659 salsis
1712 1600 1903 1662 pugnis.
1970 1601 2141 1649 Notus
2172 1613 2280 1648 mos
2303 1612 2512 1648 accusa·

1453 1679 1622 1723 torum
1665 1675 1801 1737 apud
1853 1667 2130 1738 Romanos,
2172 1681 2231 1723 ut
2279 1673 2512 1739 quamvls

1454 1748 1587 1796 certi
1629 1747 1851 1797 criminis
1891 1749 2207 1812 postulatum
2251 1763 2396 1799 reum
2439 1755 2514 1798 ta·

1454 1837 1572 1872 men
1599 1823 1747 1873 simul
1770 1831 1826 1873 et
1858 1831 2106 1889 urgerent
2128 1825 2318 1874 ceteris
2339 1824 2516 1887 pristi-

1455 1913 1536 1949 nae
1562 1900 1683 1951 vite
1704 1901 1934 1964 probris;
1967 1915 2105 1965 quae,
2118 1906 2179 1949 ut
2199 1905 2343 1950 recte
2363 1899 2517 1950 Taci-

1456 1981 1539 2024 tus
1577 1983 1727 2027 notat
1765 1975 1951 2034 Annal.
1990 1976 2025 2025 1.
2047 1989 2134 2025 ιιι.
2165 1976 2362 2039 ‘neque
2396 1988 2520 2023 con·

1455 2050 1596 2100 victa
1620 2066 1770 2101 noxae
1793 2066 1900 2110 reo,
1922 2053 1966 2101 si
1989 2052 2221 2102 recentia
2252 2057 2520 2114 purgaret,

1456 2140 1627 2190 neque
1669 2126 1887 2177 defensa
1931 2128 2238 2179 absolutioni
2273 2134 2442 2189 erant,
2474 2127 2520 2177 si

1458 2208 1725 2254 teneretur
1767 2204 2051 2268 maJoribus
2091 2202 2338 2268 flagitiis?
2386 2203 2522 2254 Mer·

1456 2292 1606 2328 cerus.

1523 2353 1790 2404 Mimicum
1829 2356 1965 2405 bunc
2005 2356 2072 2406 de
2105 2355 2383 2407 Germania
2425 2354 2521 2405 tri-

1458 2429 1705 2492 nmpbnm
1746 2429 1826 2477 vir
1863 2430 2078 2479 doctiss.
2129 2430 2380 2480 Calvisius
2432 2430 2522 2480 Se-

1460 2503 1580 2552 tbus
1604 2501 1767 2552 refert
1802 2503 1868 2554 ad
1891 2516 1970 2554 ιι.
1995 2504 2320 2554 consulatum
2340 2505 2523 2555 Domi·

1462 2578 1610 2642 tiani,
1650 2579 1739 2643 qui
1778 2577 1881 2630 fuit
1918 2593 2081 2629 annus
2123 2578 2189 2628 ab
2226 2580 2297 2630 U.
2320 2581 2382 2629 C.
2405 2582 2523 2630 8⁸8.

1470 2654 1765 2715 Vis-dangu.

1526 2736 1563 2762 ¹¹¹
1599 2730 1770 2779 Crines
1787 2729 1840 2778 in
1860 2731 2150 2794 captim
2170 2730 2392 2795 speciem]
2426 2730 2529 2781 Mi-

1464 2817 1548 2853 ror
1587 2804 1889 2854 Suetonium
1926 2806 2022 2854 boc
2061 2808 2309 2868 tacuisse,
2338 2806 2428 2871 qni
2467 2807 2527 2860 li·

1464 2880 1685 2930 berrime
1741 2879 1950 2943 scripsit
2003 2880 2290 2930 Domitiani
2346 2881 2529 2941 vitam,

1464 2969 1562 3005 nec
1586 2956 1720 3005 celat
1743 2954 1886 3005 vitia.
1956 2954 2042 3004 De
2073 2955 2393 3020 captivorum
2428 2956 2530 3005 cri-

1464 3032 1618 3082 nibus
1639 3031 1807 3095 perite
1827 3030 1957 3080 dicit
1975 3030 2211 3091 Tacitum
2239 3031 2532 3094 presertim

1465 3121 1585 3156 cum
1606 3121 1776 3156 sermo
1797 3105 1864 3156 de
1900 3105 2120 3170 captivis
2144 3106 2420 3156 Germanis
2444 3108 2532 3172 sit,

1465 3197 1677 3247 quornm
1711 3182 1880 3231 crines
1916 3182 2160 3246 singulari
2183 3182 2401 3247 quodam
2426 3197 2531 3234 mo·

1464 3259 1534 3309 do
1555 3260 1900 3310 nodabantur.
1953 3260 2113 3309 Mart.
2135 3257 2368 3323 Amphit.
2390 3260 2531 3326 epig,

1467 3342 1518 3388 3.
1550 3340 1566 3366 ‘
1586 3338 1827 3388 Crinibus
1862 3337 1913 3385 in
1949 3337 2140 3387 nodum
2169 3337 2322 3388 tortis
2342 3351 2534 3389 venere

1468 3415 1759 3466 Sicambri!
1791 3415 2063 3464 Barcini-s.

1537 3491 1619 3554 Id,
1642 3498 1791 3556 puto,
1808 3505 1908 3541 non
1932 3491 2206 3555 descripsit
2236 3492 2535 3556 Suetonius,

1470 3567 1595 3631 quia
1628 3566 1726 3616 boc
1752 3567 1963 3629 bellum,
1996 3567 2104 3616 sive
2137 3568 2445 3631 triumphus,
2467 3565 2535 3617 ad

1473 3640 1735 3705 Rempub.
1781 3641 2079 3704 spectabat,
2122 3657 2273 3706 quam
2317 3642 2536 3705 precise

1474 3732 1578 3768 non
1618 3718 1859 3779 attingit:
1894 3718 2090 3783 quippe
2132 3727 2334 3769 tantum
2367 3732 2535 3768 mores

1476 3793 1538 3843 et*
1556 3793 1707 3843 libita
1729 3793 2038 3858 ingeniaque
2072 3793 2440 3844 dominantium
2463 3793 2542 3852 in·

1477 3867 1721 3932 vestigat.
1784 3868 2033 3917 Scenicus
2053 3876 2227 3918 tamen
2252 3866 2536 3930 triumphus

1474 3944 1564 3995 ille
1596 3946 1860 4008 proprium
1884 3950 1941 3993 et
1963 3943 2164 4007 insigne
2184 3939 2308 4006 quid
2340 3941 2540 4008 babuit,

1477 4036 1583 4086 qno
1619 4021 1893 4087 segnitiem
1933 4019 2089 4068 animi
2127 4024 2182 4067 et
2221 4016 2346 4067 belli
2383 4016 2540 4067 insei-

1477 4099 1623 4161 tiam,
1657 4099 2004 4160 virtutemque
2042 4108 2225 4158 parum
2257 4094 2541 4157 imperato·

1477 4176 1611 4226 riam
1639 4175 1695 4226 in
1729 4173 2031 4226 Domitiano
2053 4177 2314 4238 amanet,
2345 4177 2440 4224 ant
2465 4172 2544 4228 in-
