3000 4859
955 392 1362 460 mamone,
1407 395 1578 476 osv.
1623 377 1733 446 12.

238 540 484 624 oipnos
527 538 890 604 cuminum
935 538 1183 605 fructus
1231 559 1593 618 numerem,
1641 540 1829 624 quod
1862 559 1985 607 nec
2025 539 2097 607 in
2139 543 2442 627 strepitu)

236 661 361 706 nee
387 639 656 705 sedente
682 646 837 704 ante
876 641 1122 705 ostium
1166 643 1523 725 litigatore,
1555 663 1678 707 nec
1721 644 1888 707 inter
1933 642 2199 708 sordes,¹⁸
2227 664 2309 709 ac
2345 645 2444 711 lae

237 761 504 828 orymas
543 762 800 807 reorum
832 751 1352 828 componuntur3
1396 747 1545 811 sed*
1560 747 1837 835 ‚secedit
1866 748 2124 813 animus
2169 748 2241 811 in
2288 749 2442 815 loca

238 862 409 928 pura
454 847 658 927 atque
701 844 1140 922 innocentia,W
1182 845 1549 931 fruiturque
1596 847 1865 914 sedibus
1908 849 2175 915 saeris„²¹
2261 848 2441 916 Haec

238 945 636 1028 eloquentiae
690 945 1108 1029 primm-diest
1155 948 1302 1013 haec
1353 949 1715 1033 penetralia
1728 957 1773 1014 :¹
1815 950 1948 1015 hoc
1994 951 2277 1035 primum
2320 950 2442 1016 ha-

237 1047 382 1112 bitu
412 1048 723 1132 cultuque
752 1047 1126 1113 commoda¹
1148 1057 1174 1085 ⁸
1197 1051 1619 1129 mortalibuS,
1646 1050 1716 1115 in
1744 1051 1863 1116 illa
1902 1048 2141 1129 casmss
2161 1056 2229 1116 et
2246 1052 2442 1118 nullis

1162 1191 1189 1212 O
1194 1194 1338 1213 κυῶ
1344 1194 1366 1213 0
1370 1194 1454 1215 OOC
1458 1195 1515 1216 θῶ

299 1280 331 1327 1
367 1276 513 1327 Bene
546 1277 789 1328 Muretus
831 1282 890 1327 et
929 1277 1166 1329 Schelins
1209 1278 1507 1340 emendant,
1541 1281 1877 1331 mmmmm.
1946 1280 2065 1331 Non
2106 1279 2182 1330 ita
2215 1278 2443 1331 feliciter

1229 1422 1450 1475 NOTAE

233 1519 386 1571 verit.
440 1521 561 1571 Non
583 1526 756 1571 tamen
778 1521 1014 1585 protinus
1036 1522 1300 1587 audiendi,

235 1595 326 1662 qni
354 1597 576 1646 credunt
595 1597 865 1660 aptissima
884 1600 936 1647 in
955 1599 1051 1649 hoc
1086 1613 1298 1649 nemora

232 1673 528 1738 sylvasque,
545 1672 682 1738 quod
706 1673 796 1723 illa
812 1675 907 1724 loci
925 1675 1141 1726 libertas
1163 1676 1297 1726 loco-

230 1762 445 1812 rumque
468 1750 736 1799 smoenitas
775 1750 1044 1801 sublimem
1072 1753 1293 1803 animum

232 1830 288 1873 et
311 1824 598 1875 beatiorem
620 1826 857 1890 spiritum
879 1827 1104 1890 parent?
1145 1829 1294 1879 Cice·

233 1912 291 1949 ro
328 1900 395 1949 de
440 1899 591 1950 Orat.
625 1914 687 1951 ιι.
722 1902 738 1929 ‘
763 1903 856 1952 Eae
886 1902 992 1966 [res
1017 1909 1072 1952 et
1092 1912 1294 1953 senten-

231 1973 343 2037 flae]
365 1974 415 2026 vi
444 1990 539 2025 sna
577 1977 734 2025 verba
771 1977 994 2042 parient,
1025 1993 1139 2043 quae
1163 1993 1295 2028 sem·

232 2065 330 2116 per
366 2052 492 2101 satis
526 2060 710 2103 ornata
748 2054 874 2103 milii
903 2054 1109 2120 quidem
1133 2050 1292 2106 videri

231 2127 418 2190 solent,
456 2126 499 2178 si
535 2129 790 2193 ejusmodi
834 2138 970 2195 sunt,
1012 2137 1073 2182 nt
1111 2147 1173 2183 ea
1212 2147 1293 2183 res

229 2201 344 2267 ipsa
382 2205 645 2269 peperisse
665 2207 926 2258 videatur.
993 2209 1126 2258 Mihi
1147 2217 1294 2260 certe

219 2279 487 2343 jucundus
508 2280 592 2331 hic
626 2282 789 2347 magis
825 2296 974 2347 quam
1008 2283 1291 2334 studiorum

225 2355 462 2406 hortator
491 2355 700 2406 videtur
731 2371 843 2407 esse
883 2356 1155 2407 secessus?
1220 2359 1293 2409 Et

229 2444 379 2481 moxz
415 2432 432 2459 ‘
456 2432 631 2484 Quare
656 2433 914 2498 sylvarum
945 2434 1210 2484 amoeuitss
1233 2438 1290 2484 et

227 2509 655 2570 praeterlabentia
675 2507 887 2559 flumina
904 2514 960 2559 et
983 2509 1292 2573 inspirantes

226 2584 383 2633 ramis
437 2584 677 2634 arborum
733 2598 870 2634 aurae
923 2585 1291 2650 volucrumque

226 2660 426 2722 cantus,
446 2666 504 2709 et
543 2660 659 2724 ipsa
687 2660 798 2709 late
839 2659 1291 2724 circumspiciendi

224 2732 437 2784 libertas
457 2735 523 2785 ad
546 2749 604 2784 se
621 2736 850 2798 trahunt,
878 2743 939 2786 ut
973 2737 1096 2784 mihi
1118 2737 1292 2786 remit-

225 2818 337 2861 tere
359 2813 532 2876 potius
565 2814 801 2878 voluptas
827 2814 928 2862 ista
952 2813 1185 2863 videatur
1204 2827 1288 2863 co·

224 2887 549 2953 gitationem,
570 2904 721 2953 qnam
745 2887 1050 2938 intendere!

290 2963 524 3027 Nemora]
569 2962 707 3016 Plio.
741 2965 909 3029 Epist.
953 2977 994 3013 1.
1034 2969 1084 3014 6.
1126 2962 1285 3015 ‘Jarn

225 3038 453 3105 undique
476 3041 656 3105 sylvae,
673 3048 728 3091 et
750 3040 995 3104 solitudo,
1015 3039 1285 3105 ipsumque

220 3114 350 3166 illud
371 3114 645 3181 silentium,
668 3117 806 3180 quod
833 3116 1092 3166 venationi
1113 3116 1289 3179 datur,

224 3207 412 3258 magna
441 3196 770 3259 cogitationis
793 3194 1132 3246 incitamenta
1153 3200 1289 3245 sunt.

223 3264 451 3319 Proinde
474 3284 592 3319 cum
619 3271 896 3333 venabere,
922 3272 1044 3319 licet
1076 3276 1289 3320 auctore

224 3357 327 3407 me,
353 3352 413 3395 ut
451 3347 717 3409 panarium
755 3354 811 3395 et
847 3346 1193 3409 lagunculam,
1210 3346 1286 3395 sic

221 3421 379 3470 etiam
425 3422 704 3487 pugillares
746 3419 903 3471 ferus.
987 3422 1287 3485 Experieris

221 3511 328 3547 non
369 3498 592 3549 Dianam
630 3499 791 3564 magis
829 3496 1112 3563 montibus,
1135 3514 1286 3564 quam

223 3570 518 3624 Minervam
543 3576 807 3625 inerrare!

287 3657 312 3683 ⁸
344 3649 538 3714 Sordes]
614 3652 934 3715 squalorem,
988 3651 1285 3715 paedorem3

222 3728 360 3793 quod
384 3727 452 3778 de
471 3729 616 3778 cultu
637 3728 786 3778 simul
809 3736 863 3778 et
884 3727 1060 3778 habitu
1085 3741 1286 3777 reorum

222 3805 548 3874 intelligitur.

288 3890 312 3913 '
343 3882 462 3945 Sed]
496 3884 595 3932 Sed
617 3883 733 3947 quia
752 3882 924 3932 secedit
946 3882 1147 3932 unimus.
1187 3881 1290 3932 Sed

225 3962 348 4007 lunc
372 3958 574 4007 secedit
593 3958 808 4018 animus,
828 3964 928 4008 &c-

287 4040 320 4064 ''
344 4033 402 4083 Ῐιι
424 4034 525 4082 locu
544 4050 665 4097 pura
685 4040 822 4099 atque
837 4030 1126 4095 innocentia]
1150 4034 1285 4083 Ptin.

221 4104 393 4172 Epist.
414 4122 450 4158 1.
477 4112 526 4158 9.
561 4110 625 4158 ὼ·
655 4110 969 4159 Laurentino
991 4124 1118 4158 suot
1152 4109 1168 4136 ‘
1191 4109 1285 4158 Ni-

220 4182 296 4234 hil
335 4184 507 4246 audio,
550 4184 688 4251 quod
731 4185 952 4251 audisse,
992 4185 1115 4235 nihil
1149 4184 1286 4249 dico,

222 4258 360 4326 quod
382 4259 573 4312 dixisse
613 4261 887 4326 poeniteat.
951 4262 1121 4312 Nemo
1147 4262 1284 4326 npud

1376 1537 1460 1572 me
1513 1537 1803 1588 quenquam
1859 1521 2078 1572 sinistris
2122 1520 2443 1572 sermonibus

1376 1600 1585 1663 σαι-ρης
1637 1598 1891 1649 neminem
1936 1600 2049 1664 lpse
2103 1599 2447 1665 reprehendo,

1375 1675 1471 1724 nisi
1497 1689 1652 1724 unum
1675 1689 1777 1739 me,
1797 1690 1913 1725 cnm
1951 1690 2131 1739 parum
2170 1674 2441 1725 commode

1374 1750 1580 1812 scribo;
1614 1752 1756 1800 nulla
1784 1766 1896 1815 spe,
1928 1752 2070 1800 nullo
2101 1751 2285 1800 timore
2324 1750 2443 1800 soli·

1374 1825 1526 1887 citor,
1541 1827 1695 1876 nullis
1716 1825 2005 1876 rumoribus
2022 1827 2309 1892 inquietor:
2335 1840 2442 1875 me-

1373 1917 1490 1952 cum
1510 1911 1709 1953 tantum
1733 1912 1787 1954 et
1810 1919 1925 1954 cnm
1942 1904 2129 1954 libellis
2150 1905 2347 1969 loquor.
2388 1902 2440 1954 Ο

1373 1986 1568 2028 rectam
1591 1981 1945 2044 sinceramque
1978 1981 2168 2031 vitam!
2212 1980 2261 2030 Ο
2287 1980 2441 2030 dulce

1372 2055 1549 2118 otium,
1589 2055 1983 2120 honestumque,
2011 2069 2073 2104 ac
2112 2069 2263 2120 paeue
2302 2054 2441 2104 omni

1371 2131 1584 2195 negotio
1615 2131 1911 2195 pulchrius!
1949 2132 1997 2183 Ο
2038 2146 2257 2194 mare‚·o
2290 2131 2442 2183 littus

1373 2220 1571 2270 verum,
1610 2215 1968 2274 secretumque
2006 2210 2243 2272 μουσεῖον,
2285 2223 2440 2273 quam

1371 2283 1539 2333 multa
1574 2284 1835 2347 invenitis,
1877 2298 2032 2351 quam
2071 2285 2237 2334 multa
2277 2283 2441 2335 dictu-

1373 2359 1441 2408 tis
1460 2359 1493 2407 !'

1439 2434 1598 2499 Pura]
1631 2435 1844 2499 Sancta,
1874 2442 2040 2497 casta,
2072 2435 2139 2486 ab
2163 2435 2299 2507 omqi
2320 2434 2438 2487 labe

1370 2506 1616 2560 vitiorum
1651 2525 1782 2574 pura
1814 2517 1870 2561 et
1907 2517 2135 2575 exemto,
2156 2512 2302 2561 nullis
2331 2528 2439 2563 con-

1371 2591 1502 2635 tacta
1524 2586 1673 2636 vitiis.

1434 2667 1460 2693 ’¹
1492 2661 1678 2727 Sacris]
1737 2663 1914 2726 Sacra,
1955 2661 2077 2728 quia
2135 2677 2294 2727 pura3
2346 2670 2439 2714 eut

1372 2737 1491 2802 quis
1509 2739 1584 2788 rei
1602 2752 1781 2799 sacrae,
1797 2752 1886 2788 seu
1904 2738 2087 2788 studiis
2100 2738 2263 2789 saci-is
2279 2739 2441 2789 desii-

1369 2818 1525 2873 nata3
1578 2820 1670 2863 sut
1712 2814 1835 2878 quia
1877 2814 2013 2879 Diis,
2055 2830 2163 2867 seu.
2200 2816 2436 2881 nymphis

1367 2888 1673 2952 Dryadibus
1694 2896 1879 2939 sanctu
1899 2890 2018 2938 loca
2038 2890 2170 2939 liaec.

1429 2972 1454 3008 5
1471 2965 1771 3029 Primordia]
1795 2964 1977 3027 Initia,
1997 2964 2326 3026 incunabula,
2344 2970 2436 3016 seu

1368 3040 1534 3105 origo.
1569 3042 1703 3091 Hoec
1738 3040 1875 3090 forte
1909 3039 2066 3090 etiam
2094 3040 2244 3091 initia
2282 3048 2337 3091 et
2360 3058 2439 3092 ar-

1367 3132 1517 3179 cana,
1555 3108 1648 3165 seu
1684 3116 1946 3181 mysteria.
2011 3115 2095 3166 Sic
2133 3116 2270 3180 apud
2308 3119 2433 3169 Tac.

1367 3194 1458 3244 lib.
1489 3193 1555 3243 dc
1587 3208 1716 3243 mor.
1755 3194 1937 3244 Germ.
1969 3197 2052 3242 89.
2087 3193 2105 3221 ‘
2129 3194 2280 3243 Statu
2306 3198 2434 3243 tem·

1368 3285 1496 3335 pore
1539 3271 1591 3320 in
1632 3270 1828 3336 sylvam
1871 3269 2099 3333 auguriis
2134 3276 2336 3334 patrum
2378 3274 2436 3321 et

1368 3348 1543 3413 prisca
1596 3345 1871 3397 formidine
1933 3358 2132 3396 sacram
2147 3380 2162 3395 .
2183 3382 2193 3395 .
2211 3382 2224 3396 .
2242 3345 2436 3397 coeunt

1370 3457 1384 3473 .
1406 3458 1420 3473 .
1439 3459 1455 3475 .
1475 3424 1747 3474 celebrant
1771 3421 1981 3473 barbari
2016 3422 2145 3472 ritus
2174 3422 2435 3474 horrenda

1367 3499 1684 3564 primordia)
1741 3500 1814 3548 Et
1836 3497 2005 3559 infm3
2038 3500 2053 3526 ‘
2078 3512 2244 3562 eoque
2265 3501 2433 3548 omnis

1365 3576 1671 3640 superstitio
1715 3575 1966 3641 respicit3
2025 3580 2264 3639 tanquam
2309 3573 2432 3626 inde

1365 3650 1514 3701 initia
1559 3652 1747 3714 gentis,
1798 3650 1872 3700 ibl
1922 3657 2165 3714 regnator
2207 3649 2433 3701 omnium

1366 3729 1548 3793 Deus,’
1573 3733 1673 3779 &c-

1428 3814 1449 3838 ¹
1483 3807 1608 3856 Hoec
1622 3805 1909 3870 penetralia]
1932 3804 2066 3857 Haec
2089 3805 2298 3869 templs,
2317 3804 2431 3855 liaec

1364 3883 1541 3948 adyta,
1560 3897 1709 3933 sacra
1729 3883 1903 3933 musis.

1429 3968 1453 3995 ⁸
1487 3961 1597 4010 Hoc
1636 3962 1845 4026 primum
1888 3960 2051 4009 habitu
2072 3994 2087 4008 .
2106 3992 2120 4007 .
2139 3993 2152 4007 .
2170 3953 2432 4025 commoda]

1366 4037 1490 4101 Alii,
1510 4044 1680 4100 comta,
1716 4038 1823 4099 alii,
1853 4036 2155 4095 commodata,
2180 4032 2287 4094 alii,
2308 4047 2431 4081 com-

1366 4116 1585 4165 mendata
1631 4116 1828 4178 legunt.
1899 4111 2089 4160 Fabius
2128 4110 2165 4158 1.
2209 4119 2335 4156 vlu.
2381 4110 2430 4165 8,

1363 4189 1381 4217 ‘
1404 4193 1561 4242 Cultu
1594 4198 1751 4255 atque
1774 4193 1956 4237 ornatu
1988 4200 2045 4234 se
2066 4196 2271 4248 quoque
2292 4196 2431 4233 com-

1363 4266 1595 4329 mendat,
1620 4266 1709 4330 qui
1732 4260 1896 4313 dicit:
1927 4259 2076 4311 Idem
2095 4260 2131 4311 l.
2152 4272 2191 4310 ι.
2213 4262 2265 4309 6.
2287 4258 2304 4288 ⁸
2322 4259 2427 4309 Vea
