<?xml version="1.0" encoding="UTF-8"?>
<!DOCTYPE html PUBLIC "-//W3C//DTD XHTML 1.0 Transitional//EN"
    "http://www.w3.org/TR/xhtml1/DTD/xhtml1-transitional.dtd">
<html xmlns="http://www.w3.org/1999/xhtml" xml:lang="en" lang="en">
 <head>
  <title>
</title>
<meta http-equiv="Content-Type" content="text/html;charset=utf-8" />
  <meta name='ocr-system' content='tesseract 3.04.00' />
  <meta name='ocr-capabilities' content='ocr_page ocr_carea ocr_par ocr_line ocrx_word'/>
</head>
<body>
  <div class='ocr_page' id='page_1' title='image "./operaomnia04unkngoog/operaomnia04unkngoog_0544.png"; bbox 0 0 3000 4859; ppageno 0'>
   <div class='ocr_carea' id='block_1_1' title="bbox 575 354 749 428">
    <p class='ocr_par' dir='ltr' id='par_1_1' title="bbox 575 354 749 428">
     <span class='ocr_line' id='line_1_1' title="bbox 575 354 749 428; baseline 0.006 -1"><span class='ocrx_word' id='word_1_1' title='bbox 575 354 749 428; x_wconf 71' lang='lat'>3736</span> 
     </span>
    </p>
   </div>
   <div class='ocr_carea' id='block_1_2' title="bbox 1361 378 1981 429">
    <p class='ocr_par' dir='ltr' id='par_1_2' title="bbox 1361 378 1981 429">
     <span class='ocr_line' id='line_1_2' title="bbox 1361 378 1981 429; baseline 0.003 -3"><span class='ocrx_word' id='word_1_2' title='bbox 1361 380 1459 427; x_wconf 87' lang='lat' dir='ltr'>DE</span> <span class='ocrx_word' id='word_1_3' title='bbox 1506 378 1981 429; x_wconf 72' lang='lat' dir='ltr'>onA‘romBus</span> 
     </span>
    </p>
   </div>
   <div class='ocr_carea' id='block_1_3' title="bbox 1574 609 1784 661">
    <p class='ocr_par' dir='ltr' id='par_1_3' title="bbox 1574 609 1784 661">
     <span class='ocr_line' id='line_1_3' title="bbox 1574 609 1784 661; baseline 0 -1"><span class='ocrx_word' id='word_1_4' title='bbox 1574 609 1784 661; x_wconf 58' lang='lat' dir='ltr'><strong>⁸0¹1·AE</strong></span> 
     </span>
    </p>
   </div>
   <div class='ocr_carea' id='block_1_4' title="bbox 569 715 1643 4272">
    <p class='ocr_par' dir='ltr' id='par_1_4' title="bbox 575 715 1640 2604">
     <span class='ocr_line' id='line_1_4' title="bbox 577 715 1634 782; baseline 0.006 -19"><span class='ocrx_word' id='word_1_5' title='bbox 577 715 779 764; x_wconf 87' lang='lat' dir='ltr'>etiamsi</span> <span class='ocrx_word' id='word_1_6' title='bbox 814 723 1024 766; x_wconf 61' lang='lat' dir='ltr'>atatem</span> <span class='ocrx_word' id='word_1_7' title='bbox 1066 724 1292 768; x_wconf 83' lang='lat' dir='ltr'>nostram</span> <span class='ocrx_word' id='word_1_8' title='bbox 1332 733 1433 767; x_wconf 87' lang='lat' dir='ltr'>non</span> <span class='ocrx_word' id='word_1_9' title='bbox 1462 720 1634 782; x_wconf 82' lang='lat' dir='ltr'>spatio</span> 
     </span>
     <span class='ocr_line' id='line_1_5' title="bbox 575 794 1632 856; baseline 0.005 -16"><span class='ocrx_word' id='word_1_10' title='bbox 575 795 873 855; x_wconf 70' lang='lat' dir='ltr'>senectutis,</span> <span class='ocrx_word' id='word_1_11' title='bbox 891 794 982 842; x_wconf 87' lang='lat' dir='ltr'>sed</span> <span class='ocrx_word' id='word_1_12' title='bbox 1011 801 1244 856; x_wconf 86' lang='lat' dir='ltr'>tempore</span> <span class='ocrx_word' id='word_1_13' title='bbox 1268 795 1632 845; x_wconf 67' lang='lat' dir='ltr'>adolescentie</span> 
     </span>
     <span class='ocr_line' id='line_1_6' title="bbox 577 870 1632 932; baseline 0.002 -15"><span class='ocrx_word' id='word_1_14' title='bbox 577 870 866 932; x_wconf 76' lang='lat' dir='ltr'>metiamur,</span> <span class='ocrx_word' id='word_1_15' title='bbox 897 870 1101 919; x_wconf 84' lang='lat' dir='ltr'>abunde</span> <span class='ocrx_word' id='word_1_16' title='bbox 1123 873 1312 921; x_wconf 86' lang='lat' dir='ltr'>multos</span> <span class='ocrx_word' id='word_1_17' title='bbox 1333 871 1398 921; x_wconf 85' lang='lat' dir='ltr'>ad</span> <span class='ocrx_word' id='word_1_18' title='bbox 1434 871 1632 921; x_wconf 86' lang='lat' dir='ltr'>discen·</span> 
     </span>
     <span class='ocr_line' id='line_1_7' title="bbox 579 944 1636 997; baseline 0.002 -3"><span class='ocrx_word' id='word_1_19' title='bbox 579 946 698 994; x_wconf 79' lang='lat' dir='ltr'>dnm</span> <span class='ocrx_word' id='word_1_20' title='bbox 722 958 880 994; x_wconf 86' lang='lat' dir='ltr'>annos</span> <span class='ocrx_word' id='word_1_21' title='bbox 902 944 1127 996; x_wconf 62' lang='lat' dir='ltr'>babent?</span> <span class='ocrx_word' id='word_1_22' title='bbox 1159 948 1227 997; x_wconf 84' lang='lat' dir='ltr'>Et</span> <span class='ocrx_word' id='word_1_23' title='bbox 1253 959 1308 996; x_wconf 82' lang='lat' dir='ltr'>x.</span> <span class='ocrx_word' id='word_1_24' title='bbox 1331 953 1379 996; x_wconf 80' lang='lat'>6.</span> <span class='ocrx_word' id='word_1_25' title='bbox 1410 949 1426 974; x_wconf 79' lang='lat'><strong>⁴</strong></span> <span class='ocrx_word' id='word_1_26' title='bbox 1450 947 1636 996; x_wconf 83' lang='lat' dir='ltr'>Decla-</span> 
     </span>
     <span class='ocr_line' id='line_1_8' title="bbox 578 1021 1636 1085; baseline -0.001 -15"><span class='ocrx_word' id='word_1_27' title='bbox 578 1022 830 1070; x_wconf 80' lang='lat' dir='ltr'>mationes</span> <span class='ocrx_word' id='word_1_28' title='bbox 855 1034 993 1082; x_wconf 85' lang='lat' dir='ltr'>vero,</span> <span class='ocrx_word' id='word_1_29' title='bbox 1013 1022 1192 1085; x_wconf 81' lang='lat' dir='ltr'>quales</span> <span class='ocrx_word' id='word_1_30' title='bbox 1230 1023 1281 1069; x_wconf 87' lang='lat' dir='ltr'>in</span> <span class='ocrx_word' id='word_1_31' title='bbox 1315 1021 1500 1070; x_wconf 80' lang='lat' dir='ltr'>scholis</span> <span class='ocrx_word' id='word_1_32' title='bbox 1525 1023 1636 1069; x_wconf 74' lang='lat' dir='ltr'>rbe-</span> 
     </span>
     <span class='ocr_line' id='line_1_9' title="bbox 579 1095 1634 1157; baseline 0.001 -13"><span class='ocrx_word' id='word_1_33' title='bbox 579 1104 747 1144; x_wconf 81' lang='lat' dir='ltr'><strong>torum</strong></span> <span class='ocrx_word' id='word_1_34' title='bbox 784 1095 1044 1157; x_wconf 84' lang='lat' dir='ltr'>dicnntur,</span> <span class='ocrx_word' id='word_1_35' title='bbox 1065 1098 1108 1144; x_wconf 87' lang='lat' dir='ltr'>si</span> <span class='ocrx_word' id='word_1_36' title='bbox 1132 1096 1283 1146; x_wconf 87' lang='lat' dir='ltr'>modo</span> <span class='ocrx_word' id='word_1_37' title='bbox 1317 1105 1436 1144; x_wconf 88' lang='lat' dir='ltr'>sunt</span> <span class='ocrx_word' id='word_1_38' title='bbox 1457 1096 1525 1146; x_wconf 82' lang='lat' dir='ltr'>ad</span> <span class='ocrx_word' id='word_1_39' title='bbox 1550 1110 1634 1145; x_wconf 85' lang='lat' dir='ltr'>ve·</span> 
     </span>
     <span class='ocr_line' id='line_1_10' title="bbox 577 1170 1635 1232; baseline 0 -14"><span class='ocrx_word' id='word_1_40' title='bbox 577 1170 784 1219; x_wconf 85' lang='lat' dir='ltr'>ritatem</span> <span class='ocrx_word' id='word_1_41' title='bbox 804 1170 1224 1232; x_wconf 67' lang='lat' dir='ltr'>accommodate,</span> <span class='ocrx_word' id='word_1_42' title='bbox 1241 1180 1297 1221; x_wconf 90' lang='lat' dir='ltr'>et</span> <span class='ocrx_word' id='word_1_43' title='bbox 1313 1171 1635 1221; x_wconf 84' lang='lat' dir='ltr'>orationibus</span> 
     </span>
     <span class='ocr_line' id='line_1_11' title="bbox 578 1245 1635 1307; baseline 0 -11"><span class='ocrx_word' id='word_1_44' title='bbox 578 1245 784 1307; x_wconf 87' lang='lat' dir='ltr'>similes,</span> <span class='ocrx_word' id='word_1_45' title='bbox 819 1260 920 1295; x_wconf 89' lang='lat' dir='ltr'>non</span> <span class='ocrx_word' id='word_1_46' title='bbox 965 1254 1164 1296; x_wconf 85' lang='lat' dir='ltr'>tantum</span> <span class='ocrx_word' id='word_1_47' title='bbox 1209 1248 1330 1296; x_wconf 88' lang='lat' dir='ltr'>dum</span> <span class='ocrx_word' id='word_1_48' title='bbox 1383 1248 1635 1296; x_wconf 71' lang='lat' dir='ltr'>adolescit</span> 
     </span>
     <span class='ocr_line' id='line_1_12' title="bbox 578 1319 1636 1386; baseline 0.001 -16"><span class='ocrx_word' id='word_1_49' title='bbox 578 1319 865 1385; x_wconf 86' lang='lat' dir='ltr'>profectus,</span> <span class='ocrx_word' id='word_1_50' title='bbox 900 1329 1021 1370; x_wconf 86' lang='lat' dir='ltr'>sunt</span> <span class='ocrx_word' id='word_1_51' title='bbox 1065 1323 1370 1384; x_wconf 61' lang='lat' dir='ltr'>utilissime,</span> <span class='ocrx_word' id='word_1_52' title='bbox 1408 1338 1525 1386; x_wconf 68' lang='lat' dir='ltr'>qum</span> <span class='ocrx_word' id='word_1_53' title='bbox 1562 1323 1636 1371; x_wconf 90' lang='lat' dir='ltr'>iu-</span> 
     </span>
     <span class='ocr_line' id='line_1_13' title="bbox 577 1398 1639 1463; baseline -0.001 -14"><span class='ocrx_word' id='word_1_54' title='bbox 577 1400 871 1449; x_wconf 66' lang='lat' dir='ltr'>ventionem</span> <span class='ocrx_word' id='word_1_55' title='bbox 911 1406 968 1448; x_wconf 89' lang='lat' dir='ltr'>et</span> <span class='ocrx_word' id='word_1_56' title='bbox 1008 1398 1397 1462; x_wconf 72' lang='lat' dir='ltr'>dispositionem</span> <span class='ocrx_word' id='word_1_57' title='bbox 1437 1401 1639 1463; x_wconf 84' lang='lat' dir='ltr'>pariter</span> 
     </span>
     <span class='ocr_line' id='line_1_14' title="bbox 579 1475 1636 1536; baseline 0 -13"><span class='ocrx_word' id='word_1_58' title='bbox 579 1481 844 1536; x_wconf 81' lang='lat' dir='ltr'>exercent,</span> <span class='ocrx_word' id='word_1_59' title='bbox 865 1475 957 1523; x_wconf 86' lang='lat' dir='ltr'>sed</span> <span class='ocrx_word' id='word_1_60' title='bbox 980 1476 1138 1524; x_wconf 90' lang='lat' dir='ltr'>etiam</span> <span class='ocrx_word' id='word_1_61' title='bbox 1161 1489 1276 1525; x_wconf 89' lang='lat' dir='ltr'>cum</span> <span class='ocrx_word' id='word_1_62' title='bbox 1298 1485 1381 1524; x_wconf 87' lang='lat' dir='ltr'>est</span> <span class='ocrx_word' id='word_1_63' title='bbox 1402 1489 1636 1524; x_wconf 78' lang='lat' dir='ltr'>consum-</span> 
     </span>
     <span class='ocr_line' id='line_1_15' title="bbox 578 1548 1637 1612; baseline 0 -14"><span class='ocrx_word' id='word_1_64' title='bbox 578 1555 765 1610; x_wconf 84' lang='lat' dir='ltr'>matus,</span> <span class='ocrx_word' id='word_1_65' title='bbox 784 1564 846 1598; x_wconf 91' lang='lat' dir='ltr'>ac</span> <span class='ocrx_word' id='word_1_66' title='bbox 870 1551 979 1612; x_wconf 89' lang='lat' dir='ltr'>jam</span> <span class='ocrx_word' id='word_1_67' title='bbox 1003 1551 1053 1598; x_wconf 90' lang='lat' dir='ltr'>in</span> <span class='ocrx_word' id='word_1_68' title='bbox 1078 1548 1192 1599; x_wconf 86' lang='lat' dir='ltr'>foro</span> <span class='ocrx_word' id='word_1_69' title='bbox 1214 1552 1398 1601; x_wconf 83' lang='lat' dir='ltr'>clarus.</span> <span class='ocrx_word' id='word_1_70' title='bbox 1463 1550 1637 1600; x_wconf 82' lang='lat' dir='ltr'>Alitur</span> 
     </span>
     <span class='ocr_line' id='line_1_16' title="bbox 579 1625 1637 1690; baseline -0.001 -16"><span class='ocrx_word' id='word_1_71' title='bbox 579 1626 716 1675; x_wconf 87' lang='lat' dir='ltr'>enim</span> <span class='ocrx_word' id='word_1_72' title='bbox 763 1633 918 1690; x_wconf 89' lang='lat' dir='ltr'>atque</span> <span class='ocrx_word' id='word_1_73' title='bbox 975 1627 1217 1675; x_wconf 70' lang='lat' dir='ltr'>enitescit</span> <span class='ocrx_word' id='word_1_74' title='bbox 1262 1627 1404 1675; x_wconf 85' lang='lat' dir='ltr'>velut</span> <span class='ocrx_word' id='word_1_75' title='bbox 1445 1625 1637 1688; x_wconf 81' lang='lat' dir='ltr'>pabulo</span> 
     </span>
     <span class='ocr_line' id='line_1_17' title="bbox 579 1699 1637 1764; baseline 0 -14"><span class='ocrx_word' id='word_1_76' title='bbox 579 1702 776 1751; x_wconf 74' lang='lat' dir='ltr'>laetiore</span> <span class='ocrx_word' id='word_1_77' title='bbox 797 1699 1057 1764; x_wconf 74' lang='lat' dir='ltr'>facundia,</span> <span class='ocrx_word' id='word_1_78' title='bbox 1093 1711 1149 1751; x_wconf 91' lang='lat' dir='ltr'>et</span> <span class='ocrx_word' id='word_1_79' title='bbox 1182 1703 1384 1752; x_wconf 80' lang='lat' dir='ltr'>assidua</span> <span class='ocrx_word' id='word_1_80' title='bbox 1422 1711 1637 1751; x_wconf 82' lang='lat' dir='ltr'>couten-</span> 
     </span>
     <span class='ocr_line' id='line_1_18' title="bbox 581 1776 1637 1840; baseline 0.001 -14"><span class='ocrx_word' id='word_1_81' title='bbox 581 1777 779 1826; x_wconf 90' lang='lat' dir='ltr'>tionum</span> <span class='ocrx_word' id='word_1_82' title='bbox 804 1778 1083 1840; x_wconf 82' lang='lat' dir='ltr'>asperitate</span> <span class='ocrx_word' id='word_1_83' title='bbox 1105 1776 1326 1840; x_wconf 82' lang='lat' dir='ltr'>fatigata</span> <span class='ocrx_word' id='word_1_84' title='bbox 1345 1786 1637 1827; x_wconf 80' lang='lat' dir='ltr'>renovatur.</span> 
     </span>
     <span class='ocr_line' id='line_1_19' title="bbox 581 1852 1637 1915; baseline -0.004 -12"><span class='ocrx_word' id='word_1_85' title='bbox 581 1853 916 1915; x_wconf 71' lang='lat' dir='ltr'><strong>Quapropter</strong></span> <span class='ocrx_word' id='word_1_86' title='bbox 937 1852 1160 1901; x_wconf 81' lang='lat' dir='ltr'>historia·</span> <span class='ocrx_word' id='word_1_87' title='bbox 1196 1865 1559 1915; x_wconf 85' lang='lat' dir='ltr'>nonnunquam</span> <span class='ocrx_word' id='word_1_88' title='bbox 1584 1866 1637 1900; x_wconf 88' lang='lat' dir='ltr'>u·</span> 
     </span>
     <span class='ocr_line' id='line_1_20' title="bbox 580 1927 1639 1992; baseline -0.002 -15"><span class='ocrx_word' id='word_1_89' title='bbox 580 1928 754 1978; x_wconf 79' lang='lat' dir='ltr'>bertas</span> <span class='ocrx_word' id='word_1_90' title='bbox 777 1929 830 1977; x_wconf 89' lang='lat' dir='ltr'>in</span> <span class='ocrx_word' id='word_1_91' title='bbox 853 1928 1021 1992; x_wconf 87' lang='lat' dir='ltr'>aliqua</span> <span class='ocrx_word' id='word_1_92' title='bbox 1045 1927 1323 1977; x_wconf 83' lang='lat' dir='ltr'>exercendi</span> <span class='ocrx_word' id='word_1_93' title='bbox 1345 1928 1465 1990; x_wconf 78' lang='lat' dir='ltr'>styli</span> <span class='ocrx_word' id='word_1_94' title='bbox 1489 1934 1639 1990; x_wconf 86' lang='lat' dir='ltr'>parte</span> 
     </span>
     <span class='ocr_line' id='line_1_21' title="bbox 581 2007 1639 2072; baseline 0.001 -16"><span class='ocrx_word' id='word_1_95' title='bbox 581 2008 855 2072; x_wconf 80' lang='lat' dir='ltr'>ponenda:</span> <span class='ocrx_word' id='word_1_96' title='bbox 911 2014 967 2057; x_wconf 87' lang='lat' dir='ltr'>et</span> <span class='ocrx_word' id='word_1_97' title='bbox 1022 2007 1338 2070; x_wconf 75' lang='lat' dir='ltr'>dialogorum</span> <span class='ocrx_word' id='word_1_98' title='bbox 1393 2007 1639 2057; x_wconf 88' lang='lat' dir='ltr'>libertate</span> 
     </span>
     <span class='ocr_line' id='line_1_22' title="bbox 581 2083 1640 2147; baseline -0.001 -14"><span class='ocrx_word' id='word_1_99' title='bbox 581 2084 901 2147; x_wconf 80' lang='lat' dir='ltr'>gestiendum</span> <span class='ocrx_word' id='word_1_100' title='bbox 908 2117 991 2132; x_wconf 89' lang='grc'><strong>.....</strong></span> <span class='ocrx_word' id='word_1_101' title='bbox 994 2083 1222 2147; x_wconf 79' lang='lat' dir='ltr'>Ideoque</span> <span class='ocrx_word' id='word_1_102' title='bbox 1270 2083 1392 2132; x_wconf 79' lang='lat' dir='ltr'>milii</span> <span class='ocrx_word' id='word_1_103' title='bbox 1436 2084 1640 2133; x_wconf 83' lang='lat' dir='ltr'>videtur</span> 
     </span>
     <span class='ocr_line' id='line_1_23' title="bbox 583 2155 1638 2223; baseline -0.001 -15"><span class='ocrx_word' id='word_1_104' title='bbox 583 2155 663 2208; x_wconf 82' lang='grc' dir='ltr'>Μ.</span> <span class='ocrx_word' id='word_1_105' title='bbox 684 2159 885 2208; x_wconf 78' lang='lat' dir='ltr'>Tullius</span> <span class='ocrx_word' id='word_1_106' title='bbox 919 2166 1116 2207; x_wconf 87' lang='lat' dir='ltr'>tantum</span> <span class='ocrx_word' id='word_1_107' title='bbox 1147 2159 1379 2207; x_wconf 85' lang='lat' dir='ltr'>intulisse</span> <span class='ocrx_word' id='word_1_108' title='bbox 1399 2160 1638 2223; x_wconf 87' lang='lat' dir='ltr'>eloquen-</span> 
     </span>
     <span class='ocr_line' id='line_1_24' title="bbox 582 2235 1638 2301; baseline -0.005 -13"><span class='ocrx_word' id='word_1_109' title='bbox 582 2239 670 2288; x_wconf 62' lang='lat' dir='ltr'>tia</span> <span class='ocrx_word' id='word_1_110' title='bbox 692 2239 880 2300; x_wconf 88' lang='lat' dir='ltr'>lumen,</span> <span class='ocrx_word' id='word_1_111' title='bbox 898 2236 1031 2301; x_wconf 88' lang='lat' dir='ltr'>quod</span> <span class='ocrx_word' id='word_1_112' title='bbox 1055 2236 1106 2285; x_wconf 88' lang='lat' dir='ltr'>in</span> <span class='ocrx_word' id='word_1_113' title='bbox 1128 2235 1221 2284; x_wconf 82' lang='lat' dir='ltr'>bos</span> <span class='ocrx_word' id='word_1_114' title='bbox 1241 2250 1442 2300; x_wconf 89' lang='lat' dir='ltr'>qnoque</span> <span class='ocrx_word' id='word_1_115' title='bbox 1473 2236 1638 2285; x_wconf 85' lang='lat' dir='ltr'>studi-</span> 
     </span>
     <span class='ocr_line' id='line_1_25' title="bbox 581 2310 1639 2375; baseline -0.002 -13"><span class='ocrx_word' id='word_1_116' title='bbox 581 2327 728 2363; x_wconf 87' lang='lat' dir='ltr'>orum</span> <span class='ocrx_word' id='word_1_117' title='bbox 750 2326 974 2362; x_wconf 79' lang='lat' dir='ltr'>secessus</span> <span class='ocrx_word' id='word_1_118' title='bbox 995 2310 1263 2359; x_wconf 59' lang='lat' dir='ltr'>excurrit?</span> <span class='ocrx_word' id='word_1_119' title='bbox 1296 2311 1374 2359; x_wconf 78' lang='lat' dir='ltr'>Ex</span> <span class='ocrx_word' id='word_1_120' title='bbox 1397 2325 1500 2375; x_wconf 88' lang='lat' dir='ltr'>quo</span> <span class='ocrx_word' id='word_1_121' title='bbox 1523 2311 1639 2360; x_wconf 85' lang='lat' dir='ltr'>loco</span> 
     </span>
     <span class='ocr_line' id='line_1_26' title="bbox 582 2385 1639 2450; baseline -0.002 -13"><span class='ocrx_word' id='word_1_122' title='bbox 582 2387 736 2437; x_wconf 83' lang='lat' dir='ltr'>etiam</span> <span class='ocrx_word' id='word_1_123' title='bbox 779 2386 955 2450; x_wconf 78' lang='lat' dir='ltr'>colligi</span> <span class='ocrx_word' id='word_1_124' title='bbox 997 2386 1157 2448; x_wconf 81' lang='lat' dir='ltr'>possit</span> <span class='ocrx_word' id='word_1_125' title='bbox 1193 2385 1404 2434; x_wconf 83' lang='lat' dir='ltr'>Fabium</span> <span class='ocrx_word' id='word_1_126' title='bbox 1439 2401 1639 2435; x_wconf 82' lang='lat' dir='ltr'>amasse</span> 
     </span>
     <span class='ocr_line' id='line_1_27' title="bbox 581 2460 1640 2525; baseline 0 -15"><span class='ocrx_word' id='word_1_127' title='bbox 581 2462 637 2510; x_wconf 85' lang='lat' dir='ltr'>id</span> <span class='ocrx_word' id='word_1_128' title='bbox 676 2475 834 2525; x_wconf 85' lang='lat' dir='ltr'>genus</span> <span class='ocrx_word' id='word_1_129' title='bbox 875 2460 1151 2519; x_wconf 87' lang='lat' dir='ltr'>scribendi,</span> <span class='ocrx_word' id='word_1_130' title='bbox 1194 2467 1251 2510; x_wconf 87' lang='lat' dir='ltr'>et</span> <span class='ocrx_word' id='word_1_131' title='bbox 1293 2461 1640 2523; x_wconf 78' lang='lat' dir='ltr'>composuisse</span> 
     </span>
     <span class='ocr_line' id='line_1_28' title="bbox 582 2537 1257 2604; baseline -0.001 -16"><span class='ocrx_word' id='word_1_132' title='bbox 582 2539 840 2604; x_wconf 84' lang='lat' dir='ltr'>dialogum</span> <span class='ocrx_word' id='word_1_133' title='bbox 862 2537 926 2587; x_wconf 84' lang='lat' dir='ltr'>de</span> <span class='ocrx_word' id='word_1_134' title='bbox 947 2553 1047 2602; x_wconf 88' lang='lat' dir='ltr'>quo</span> <span class='ocrx_word' id='word_1_135' title='bbox 1070 2539 1257 2602; x_wconf 83' lang='lat' dir='ltr'>agitur.</span> 
     </span>
    </p>

    <p class='ocr_par' dir='ltr' id='par_1_5' title="bbox 582 2612 1643 3737">
     <span class='ocr_line' id='line_1_29' title="bbox 649 2612 1638 2664; baseline -0.004 0"><span class='ocrx_word' id='word_1_136' title='bbox 649 2617 716 2664; x_wconf 89' lang='lat' dir='ltr'>Et</span> <span class='ocrx_word' id='word_1_137' title='bbox 739 2629 802 2664; x_wconf 85' lang='lat' dir='ltr'>n.</span> <span class='ocrx_word' id='word_1_138' title='bbox 823 2618 874 2662; x_wconf 82' lang='lat'>4.</span> <span class='ocrx_word' id='word_1_139' title='bbox 904 2614 919 2640; x_wconf 88' lang='lat'>‘</span> <span class='ocrx_word' id='word_1_140' title='bbox 943 2615 1079 2663; x_wconf 83' lang='lat' dir='ltr'>Nam</span> <span class='ocrx_word' id='word_1_141' title='bbox 1110 2613 1261 2662; x_wconf 83' lang='lat' dir='ltr'>fictas</span> <span class='ocrx_word' id='word_1_142' title='bbox 1299 2613 1365 2661; x_wconf 87' lang='lat' dir='ltr'>ad</span> <span class='ocrx_word' id='word_1_143' title='bbox 1399 2612 1638 2662; x_wconf 85' lang='lat' dir='ltr'>imitatio·</span> 
     </span>
     <span class='ocr_line' id='line_1_30' title="bbox 582 2688 1640 2752; baseline -0.004 -12"><span class='ocrx_word' id='word_1_144' title='bbox 582 2704 700 2740; x_wconf 81' lang='lat' dir='ltr'>nem</span> <span class='ocrx_word' id='word_1_145' title='bbox 724 2689 823 2739; x_wconf 83' lang='lat' dir='ltr'>fori</span> <span class='ocrx_word' id='word_1_146' title='bbox 843 2690 1270 2752; x_wconf 76' lang='lat' dir='ltr'>consiliorumque</span> <span class='ocrx_word' id='word_1_147' title='bbox 1309 2688 1552 2737; x_wconf 84' lang='lat' dir='ltr'>materias</span> <span class='ocrx_word' id='word_1_148' title='bbox 1587 2700 1640 2736; x_wconf 88' lang='lat' dir='ltr'>a·</span> 
     </span>
     <span class='ocr_line' id='line_1_31' title="bbox 582 2764 1638 2829; baseline -0.004 -15"><span class='ocrx_word' id='word_1_149' title='bbox 582 2766 688 2829; x_wconf 86' lang='lat' dir='ltr'>pud</span> <span class='ocrx_word' id='word_1_150' title='bbox 712 2766 927 2816; x_wconf 81' lang='lat' dir='ltr'>Graecos</span> <span class='ocrx_word' id='word_1_151' title='bbox 950 2764 1126 2813; x_wconf 87' lang='lat' dir='ltr'>dicere</span> <span class='ocrx_word' id='word_1_152' title='bbox 1148 2764 1286 2812; x_wconf 82' lang='lat' dir='ltr'>circa</span> <span class='ocrx_word' id='word_1_153' title='bbox 1307 2764 1638 2812; x_wconf 80' lang='lat' dir='ltr'>Demetrium</span> 
     </span>
     <span class='ocr_line' id='line_1_32' title="bbox 582 2838 1639 2890; baseline -0.004 0"><span class='ocrx_word' id='word_1_154' title='bbox 582 2839 893 2890; x_wconf 78' lang='lat' dir='ltr'>Phalereum</span> <span class='ocrx_word' id='word_1_155' title='bbox 934 2841 1225 2890; x_wconf 82' lang='lat' dir='ltr'>institutum</span> <span class='ocrx_word' id='word_1_156' title='bbox 1269 2838 1381 2889; x_wconf 82' lang='lat' dir='ltr'>fere</span> <span class='ocrx_word' id='word_1_157' title='bbox 1417 2844 1639 2888; x_wconf 77' lang='lat' dir='ltr'>constat.</span> 
     </span>
     <span class='ocr_line' id='line_1_33' title="bbox 583 2916 1641 2982; baseline -0.004 -14"><span class='ocrx_word' id='word_1_158' title='bbox 583 2918 667 2968; x_wconf 80' lang='lat' dir='ltr'>An</span> <span class='ocrx_word' id='word_1_159' title='bbox 690 2917 756 2968; x_wconf 84' lang='lat' dir='ltr'>ab</span> <span class='ocrx_word' id='word_1_160' title='bbox 777 2919 891 2982; x_wconf 83' lang='lat' dir='ltr'>ipso</span> <span class='ocrx_word' id='word_1_161' title='bbox 911 2918 964 2967; x_wconf 84' lang='lat' dir='ltr'>id</span> <span class='ocrx_word' id='word_1_162' title='bbox 988 2932 1148 2982; x_wconf 87' lang='lat' dir='ltr'>genus</span> <span class='ocrx_word' id='word_1_163' title='bbox 1169 2917 1550 2967; x_wconf 75' lang='lat' dir='ltr'>exercitationis</span> <span class='ocrx_word' id='word_1_164' title='bbox 1571 2916 1641 2965; x_wconf 82' lang='lat' dir='ltr'>sit</span> 
     </span>
     <span class='ocr_line' id='line_1_34' title="bbox 582 2994 1638 3059; baseline -0.003 -15"><span class='ocrx_word' id='word_1_165' title='bbox 582 2996 850 3045; x_wconf 85' lang='lat' dir='ltr'>inventum</span> <span class='ocrx_word' id='word_1_166' title='bbox 877 3001 962 3059; x_wconf 82' lang='lat' dir='ltr'>(ut</span> <span class='ocrx_word' id='word_1_167' title='bbox 999 2996 1100 3043; x_wconf 81' lang='lat' dir='ltr'>alio</span> <span class='ocrx_word' id='word_1_168' title='bbox 1121 3009 1320 3059; x_wconf 85' lang='lat' dir='ltr'>quoque</span> <span class='ocrx_word' id='word_1_169' title='bbox 1358 2994 1490 3042; x_wconf 86' lang='lat' dir='ltr'>libro</span> <span class='ocrx_word' id='word_1_170' title='bbox 1528 3006 1638 3042; x_wconf 82' lang='lat' dir='ltr'>sum</span> 
     </span>
     <span class='ocr_line' id='line_1_35' title="bbox 583 3069 1639 3135; baseline -0.004 -14"><span class='ocrx_word' id='word_1_171' title='bbox 583 3069 875 3133; x_wconf 85' lang='lat' dir='ltr'>coufessus)</span> <span class='ocrx_word' id='word_1_172' title='bbox 895 3086 1073 3135; x_wconf 79' lang='lat' dir='ltr'>parum</span> <span class='ocrx_word' id='word_1_173' title='bbox 1111 3072 1365 3134; x_wconf 86' lang='lat' dir='ltr'>comperi:</span> <span class='ocrx_word' id='word_1_174' title='bbox 1401 3070 1493 3119; x_wconf 86' lang='lat' dir='ltr'>sed</span> <span class='ocrx_word' id='word_1_175' title='bbox 1520 3083 1583 3118; x_wconf 89' lang='lat' dir='ltr'>nc</span> <span class='ocrx_word' id='word_1_176' title='bbox 1607 3070 1639 3117; x_wconf 89' lang='lat' dir='ltr'>ii</span> 
     </span>
     <span class='ocr_line' id='line_1_36' title="bbox 582 3145 1641 3212; baseline -0.002 -16"><span class='ocrx_word' id='word_1_177' title='bbox 582 3148 808 3212; x_wconf 84' lang='lat' dir='ltr'>quidem,</span> <span class='ocrx_word' id='word_1_178' title='bbox 829 3148 916 3211; x_wconf 90' lang='lat' dir='ltr'>qui</span> <span class='ocrx_word' id='word_1_179' title='bbox 946 3147 1043 3196; x_wconf 81' lang='lat' dir='ltr'>hoc</span> <span class='ocrx_word' id='word_1_180' title='bbox 1065 3146 1344 3195; x_wconf 71' lang='lat' dir='ltr'>fortissime</span> <span class='ocrx_word' id='word_1_181' title='bbox 1365 3145 1641 3208; x_wconf 71' lang='lat' dir='ltr'>affirmant,</span> 
     </span>
     <span class='ocr_line' id='line_1_37' title="bbox 585 3223 1641 3273; baseline 0 -1"><span class='ocrx_word' id='word_1_182' title='bbox 585 3224 692 3273; x_wconf 88' lang='lat' dir='ltr'>ullo</span> <span class='ocrx_word' id='word_1_183' title='bbox 733 3224 860 3273; x_wconf 84' lang='lat' dir='ltr'>satis</span> <span class='ocrx_word' id='word_1_184' title='bbox 904 3223 1090 3271; x_wconf 86' lang='lat' dir='ltr'>idoneo</span> <span class='ocrx_word' id='word_1_185' title='bbox 1133 3229 1346 3271; x_wconf 88' lang='lat' dir='ltr'>auctore</span> <span class='ocrx_word' id='word_1_186' title='bbox 1386 3223 1641 3272; x_wconf 85' lang='lat' dir='ltr'>nituntur.</span> 
     </span>
     <span class='ocr_line' id='line_1_38' title="bbox 587 3298 1639 3362; baseline -0.003 -14"><span class='ocrx_word' id='word_1_187' title='bbox 587 3298 797 3348; x_wconf 83' lang='lat' dir='ltr'>Latinos</span> <span class='ocrx_word' id='word_1_188' title='bbox 815 3312 935 3347; x_wconf 85' lang='lat' dir='ltr'>vero</span> <span class='ocrx_word' id='word_1_189' title='bbox 957 3298 1161 3346; x_wconf 85' lang='lat' dir='ltr'>dicendi</span> <span class='ocrx_word' id='word_1_190' title='bbox 1185 3303 1532 3362; x_wconf 68' lang='lat' dir='ltr'>praeceptores</span> <span class='ocrx_word' id='word_1_191' title='bbox 1554 3311 1639 3346; x_wconf 83' lang='lat' dir='ltr'>ex-</span> 
     </span>
     <span class='ocr_line' id='line_1_39' title="bbox 586 3373 1643 3436; baseline -0.001 -14"><span class='ocrx_word' id='word_1_192' title='bbox 586 3375 761 3422; x_wconf 86' lang='lat' dir='ltr'>tremis</span> <span class='ocrx_word' id='word_1_193' title='bbox 786 3375 845 3422; x_wconf 88' lang='lat' dir='ltr'>L.</span> <span class='ocrx_word' id='word_1_194' title='bbox 867 3373 1041 3422; x_wconf 81' lang='lat' dir='ltr'>Crassi</span> <span class='ocrx_word' id='word_1_195' title='bbox 1065 3373 1381 3436; x_wconf 69' lang='lat' dir='ltr'>temporibus</span> <span class='ocrx_word' id='word_1_196' title='bbox 1406 3373 1643 3436; x_wconf 84' lang='lat' dir='ltr'>coepisse,</span> 
     </span>
     <span class='ocr_line' id='line_1_40' title="bbox 583 3447 1642 3506; baseline -0.002 -6"><span class='ocrx_word' id='word_1_197' title='bbox 583 3450 771 3500; x_wconf 86' lang='lat' dir='ltr'>Cicero</span> <span class='ocrx_word' id='word_1_198' title='bbox 807 3457 987 3498; x_wconf 85' lang='lat' dir='ltr'>auctor</span> <span class='ocrx_word' id='word_1_199' title='bbox 1023 3447 1141 3506; x_wconf 77' lang='lat' dir='ltr'>est,&#39;</span> <span class='ocrx_word' id='word_1_200' title='bbox 1178 3451 1274 3498; x_wconf 71' lang='lat' dir='ltr'>dcc.</span> <span class='ocrx_word' id='word_1_201' title='bbox 1339 3449 1490 3499; x_wconf 80' lang='lat' dir='ltr'>Quod</span> <span class='ocrx_word' id='word_1_202' title='bbox 1515 3449 1642 3498; x_wconf 86' lang='lat' dir='ltr'>dicit</span> 
     </span>
     <span class='ocr_line' id='line_1_41' title="bbox 586 3524 1642 3587; baseline -0.003 -13"><span class='ocrx_word' id='word_1_203' title='bbox 586 3525 655 3574; x_wconf 87' lang='lat' dir='ltr'>ibi</span> <span class='ocrx_word' id='word_1_204' title='bbox 679 3526 745 3574; x_wconf 88' lang='lat' dir='ltr'>de</span> <span class='ocrx_word' id='word_1_205' title='bbox 764 3527 857 3573; x_wconf 61' lang='lat' dir='ltr'>alio</span> <span class='ocrx_word' id='word_1_206' title='bbox 879 3525 1018 3586; x_wconf 72' lang='lat' dir='ltr'>libro,</span> <span class='ocrx_word' id='word_1_207' title='bbox 1051 3525 1166 3585; x_wconf 85' lang='lat' dir='ltr'>boc,</span> <span class='ocrx_word' id='word_1_208' title='bbox 1189 3530 1247 3572; x_wconf 89' lang='lat' dir='ltr'>ut</span> <span class='ocrx_word' id='word_1_209' title='bbox 1267 3530 1415 3587; x_wconf 86' lang='lat' dir='ltr'>puto,</span> <span class='ocrx_word' id='word_1_210' title='bbox 1453 3524 1642 3573; x_wconf 87' lang='lat' dir='ltr'>intelli-</span> 
     </span>
     <span class='ocr_line' id='line_1_42' title="bbox 586 3591 1641 3664; baseline -0.001 -16"><span class='ocrx_word' id='word_1_211' title='bbox 586 3601 668 3664; x_wconf 97' lang='lat' dir='ltr'>git</span> <span class='ocrx_word' id='word_1_212' title='bbox 704 3602 770 3650; x_wconf 90' lang='lat' dir='ltr'>de</span> <span class='ocrx_word' id='word_1_213' title='bbox 793 3591 1015 3663; x_wconf 77' lang='lat' dir='ltr'>‘dialogo</span> <span class='ocrx_word' id='word_1_214' title='bbox 1056 3606 1247 3648; x_wconf 80' lang='lat' dir='ltr'>nostro.</span> <span class='ocrx_word' id='word_1_215' title='bbox 1311 3598 1414 3647; x_wconf 86' lang='lat' dir='ltr'>Sed</span> <span class='ocrx_word' id='word_1_216' title='bbox 1439 3613 1501 3647; x_wconf 87' lang='lat' dir='ltr'>ea</span> <span class='ocrx_word' id='word_1_217' title='bbox 1526 3612 1641 3663; x_wconf 83' lang='lat' dir='ltr'>pars</span> 
     </span>
     <span class='ocr_line' id='line_1_43' title="bbox 586 3674 1535 3737; baseline -0.003 -12"><span class='ocrx_word' id='word_1_218' title='bbox 586 3675 702 3725; x_wconf 85' lang='lat' dir='ltr'>libri</span> <span class='ocrx_word' id='word_1_219' title='bbox 724 3674 844 3725; x_wconf 85' lang='lat' dir='ltr'>fatis</span> <span class='ocrx_word' id='word_1_220' title='bbox 865 3675 1093 3724; x_wconf 79' lang='lat' dir='ltr'>adversis</span> <span class='ocrx_word' id='word_1_221' title='bbox 1119 3675 1411 3737; x_wconf 84' lang='lat' dir='ltr'>intercepta</span> <span class='ocrx_word' id='word_1_222' title='bbox 1437 3680 1535 3723; x_wconf 86' lang='lat' dir='ltr'>est.</span> 
     </span>
    </p>

    <p class='ocr_par' dir='ltr' id='par_1_6' title="bbox 569 3751 1643 4272">
     <span class='ocr_line' id='line_1_44' title="bbox 651 3751 1642 3813; baseline -0.004 -11"><span class='ocrx_word' id='word_1_223' title='bbox 651 3752 736 3802; x_wconf 84' lang='lat' dir='ltr'>Sic</span> <span class='ocrx_word' id='word_1_224' title='bbox 758 3763 928 3801; x_wconf 88' lang='lat' dir='ltr'>autem</span> <span class='ocrx_word' id='word_1_225' title='bbox 954 3757 1010 3800; x_wconf 86' lang='lat' dir='ltr'>et</span> <span class='ocrx_word' id='word_1_226' title='bbox 1033 3752 1206 3801; x_wconf 82' lang='lat' dir='ltr'>laudat</span> <span class='ocrx_word' id='word_1_227' title='bbox 1225 3751 1494 3813; x_wconf 79' lang='lat' dir='ltr'>magistros</span> <span class='ocrx_word' id='word_1_228' title='bbox 1519 3752 1642 3800; x_wconf 89' lang='lat' dir='ltr'>artis</span> 
     </span>
     <span class='ocr_line' id='line_1_45' title="bbox 586 3817 1641 3890; baseline -0.002 -12"><span class='ocrx_word' id='word_1_229' title='bbox 586 3829 976 3890; x_wconf 84' lang='lat' dir='ltr'>Hermagoram,</span> <span class='ocrx_word' id='word_1_230' title='bbox 1005 3827 1389 3890; x_wconf 74' lang='lat' dir='ltr'>Apollodorum,</span> <span class='ocrx_word' id='word_1_231' title='bbox 1421 3817 1477 3876; x_wconf 82' lang='lat' dir='ltr'>et</span> <span class='ocrx_word' id='word_1_232' title='bbox 1514 3828 1641 3876; x_wconf 86' lang='lat' dir='ltr'>alios</span> 
     </span>
     <span class='ocr_line' id='line_1_46' title="bbox 584 3902 1639 3965; baseline -0.001 -13"><span class='ocrx_word' id='word_1_233' title='bbox 584 3903 807 3963; x_wconf 79' lang='lat' dir='ltr'>similes3</span> <span class='ocrx_word' id='word_1_234' title='bbox 841 3904 916 3952; x_wconf 73' lang='lat' dir='ltr'>sic</span> <span class='ocrx_word' id='word_1_235' title='bbox 939 3911 995 3951; x_wconf 89' lang='lat' dir='ltr'>et</span> <span class='ocrx_word' id='word_1_236' title='bbox 1018 3902 1197 3965; x_wconf 63' lang='lat' dir='ltr'>poetas</span> <span class='ocrx_word' id='word_1_237' title='bbox 1223 3902 1438 3951; x_wconf 80' lang='lat' dir='ltr'>Hernici</span> <span class='ocrx_word' id='word_1_238' title='bbox 1461 3904 1639 3951; x_wconf 88' lang='lat' dir='ltr'>carmi-</span> 
     </span>
     <span class='ocr_line' id='line_1_47' title="bbox 583 3978 1643 4041; baseline -0.001 -13"><span class='ocrx_word' id='word_1_239' title='bbox 583 3980 684 4040; x_wconf 86' lang='lat' dir='ltr'>nis,</span> <span class='ocrx_word' id='word_1_240' title='bbox 722 3979 933 4028; x_wconf 84' lang='lat' dir='ltr'>eosdem</span> <span class='ocrx_word' id='word_1_241' title='bbox 972 3978 1240 4040; x_wconf 73' lang='lat' dir='ltr'>Tragicos,</span> <span class='ocrx_word' id='word_1_242' title='bbox 1286 3978 1551 4041; x_wconf 71' lang='lat' dir='ltr'>Satyricos</span> <span class='ocrx_word' id='word_1_243' title='bbox 1587 3986 1643 4027; x_wconf 87' lang='lat' dir='ltr'>et</span> 
     </span>
     <span class='ocr_line' id='line_1_48' title="bbox 587 4053 1641 4120; baseline -0.005 -13"><span class='ocrx_word' id='word_1_244' title='bbox 587 4057 799 4120; x_wconf 80' lang='lat' dir='ltr'>Lyricos</span> <span class='ocrx_word' id='word_1_245' title='bbox 838 4060 1100 4104; x_wconf 72' lang='lat' dir='ltr'>memorat.</span> <span class='ocrx_word' id='word_1_246' title='bbox 1167 4053 1252 4102; x_wconf 90' lang='lat' dir='ltr'>Sic</span> <span class='ocrx_word' id='word_1_247' title='bbox 1280 4061 1335 4102; x_wconf 88' lang='lat' dir='ltr'>et</span> <span class='ocrx_word' id='word_1_248' title='bbox 1358 4054 1641 4115; x_wconf 82' lang='lat' dir='ltr'>historicos,</span> 
     </span>
     <span class='ocr_line' id='line_1_49' title="bbox 587 4129 1643 4194; baseline -0.003 -14"><span class='ocrx_word' id='word_1_249' title='bbox 587 4132 666 4180; x_wconf 85' lang='lat' dir='ltr'>sic</span> <span class='ocrx_word' id='word_1_250' title='bbox 703 4137 761 4181; x_wconf 86' lang='lat' dir='ltr'>et</span> <span class='ocrx_word' id='word_1_251' title='bbox 793 4130 1138 4194; x_wconf 81' lang='lat' dir='ltr'>philosophos,</span> <span class='ocrx_word' id='word_1_252' title='bbox 1172 4137 1224 4177; x_wconf 89' lang='lat' dir='ltr'>et</span> <span class='ocrx_word' id='word_1_253' title='bbox 1262 4135 1492 4179; x_wconf 82' lang='lat' dir='ltr'>oratores</span> <span class='ocrx_word' id='word_1_254' title='bbox 1513 4129 1643 4177; x_wconf 86' lang='lat' dir='ltr'>anti·</span> 
     </span>
     <span class='ocr_line' id='line_1_50' title="bbox 569 4203 1643 4272; baseline -0.005 -14"><span class='ocrx_word' id='word_1_255' title='bbox 569 4207 794 4272; x_wconf 23' lang='lat' dir='ltr'>‘quiores</span> <span class='ocrx_word' id='word_1_256' title='bbox 836 4205 1099 4270; x_wconf 81' lang='lat' dir='ltr'>utriusque</span> <span class='ocrx_word' id='word_1_257' title='bbox 1140 4204 1345 4269; x_wconf 63' lang='lat' dir='ltr'>lingue,</span> <span class='ocrx_word' id='word_1_258' title='bbox 1388 4203 1547 4254; x_wconf 83' lang='lat' dir='ltr'>etiam</span> <span class='ocrx_word' id='word_1_259' title='bbox 1587 4210 1643 4253; x_wconf 86' lang='lat' dir='ltr'>et</span> 
     </span>
    </p>
   </div>
   <div class='ocr_carea' id='block_1_5' title="bbox 1711 722 2781 2754">
    <p class='ocr_par' dir='ltr' id='par_1_7' title="bbox 1711 722 2781 2075">
     <span class='ocr_line' id='line_1_51' title="bbox 1712 722 2779 786; baseline 0.002 -14"><span class='ocrx_word' id='word_1_260' title='bbox 1712 722 1885 772; x_wconf 71' lang='lat' dir='ltr'>sa’culi</span> <span class='ocrx_word' id='word_1_261' title='bbox 1911 722 2180 785; x_wconf 75' lang='lat' dir='ltr'>Augustei,</span> <span class='ocrx_word' id='word_1_262' title='bbox 2220 731 2328 772; x_wconf 82' lang='lat' dir='ltr'>tum</span> <span class='ocrx_word' id='word_1_263' title='bbox 2358 729 2413 773; x_wconf 90' lang='lat' dir='ltr'>et</span> <span class='ocrx_word' id='word_1_264' title='bbox 2449 723 2528 773; x_wconf 87' lang='lat' dir='ltr'>sui</span> <span class='ocrx_word' id='word_1_265' title='bbox 2549 723 2684 786; x_wconf 73' lang='lat' dir='ltr'>aevi3</span> <span class='ocrx_word' id='word_1_266' title='bbox 2721 731 2779 775; x_wconf 78' lang='lat' dir='ltr'>et</span> 
     </span>
     <span class='ocr_line' id='line_1_52' title="bbox 1712 798 2779 864; baseline 0.004 -18"><span class='ocrx_word' id='word_1_267' title='bbox 1712 800 1877 849; x_wconf 86' lang='lat' dir='ltr'>simile</span> <span class='ocrx_word' id='word_1_268' title='bbox 1918 799 2027 850; x_wconf 86' lang='lat' dir='ltr'>fere</span> <span class='ocrx_word' id='word_1_269' title='bbox 2070 798 2345 849; x_wconf 76' lang='lat' dir='ltr'>discrimen</span> <span class='ocrx_word' id='word_1_270' title='bbox 2388 798 2542 850; x_wconf 83' lang='lat' dir='ltr'>affert</span> <span class='ocrx_word' id='word_1_271' title='bbox 2580 799 2779 864; x_wconf 78' lang='lat' dir='ltr'>judicii</span> 
     </span>
     <span class='ocr_line' id='line_1_53' title="bbox 1711 876 2780 937; baseline 0 -14"><span class='ocrx_word' id='word_1_272' title='bbox 1711 876 1914 923; x_wconf 83' lang='lat' dir='ltr'>iliorum</span> <span class='ocrx_word' id='word_1_273' title='bbox 1950 881 2227 936; x_wconf 86' lang='lat' dir='ltr'>oratorum,</span> <span class='ocrx_word' id='word_1_274' title='bbox 2258 888 2320 924; x_wconf 86' lang='lat' dir='ltr'>ac</span> <span class='ocrx_word' id='word_1_275' title='bbox 2351 876 2652 937; x_wconf 78' lang='lat' dir='ltr'>voluntatis,</span> <span class='ocrx_word' id='word_1_276' title='bbox 2682 889 2780 924; x_wconf 82' lang='lat' dir='ltr'>seu</span> 
     </span>
     <span class='ocr_line' id='line_1_54' title="bbox 1712 950 2781 1014; baseline 0.001 -16"><span class='ocrx_word' id='word_1_277' title='bbox 1712 951 2108 1014; x_wconf 80' lang='lat' dir='ltr'>compositionis.</span> <span class='ocrx_word' id='word_1_278' title='bbox 2172 952 2262 1000; x_wconf 85' lang='lat' dir='ltr'>Sic</span> <span class='ocrx_word' id='word_1_279' title='bbox 2286 958 2340 999; x_wconf 80' lang='lat' dir='ltr'>et</span> <span class='ocrx_word' id='word_1_280' title='bbox 2361 950 2427 998; x_wconf 88' lang='lat' dir='ltr'>de</span> <span class='ocrx_word' id='word_1_281' title='bbox 2450 950 2661 1014; x_wconf 64' lang='lat' dir='ltr'>poetico</span> <span class='ocrx_word' id='word_1_282' title='bbox 2684 950 2781 999; x_wconf 89' lang='lat' dir='ltr'>de-</span> 
     </span>
     <span class='ocr_line' id='line_1_55' title="bbox 1711 1026 2778 1090; baseline 0.001 -15"><span class='ocrx_word' id='word_1_283' title='bbox 1711 1040 1850 1087; x_wconf 89' lang='lat' dir='ltr'>core,</span> <span class='ocrx_word' id='word_1_284' title='bbox 1885 1040 2037 1090; x_wconf 86' lang='lat' dir='ltr'>quem</span> <span class='ocrx_word' id='word_1_285' title='bbox 2076 1027 2337 1090; x_wconf 79' lang='lat' dir='ltr'>praecipue</span> <span class='ocrx_word' id='word_1_286' title='bbox 2359 1026 2644 1090; x_wconf 73' lang='lat' dir='ltr'>captabant</span> <span class='ocrx_word' id='word_1_287' title='bbox 2674 1027 2778 1076; x_wconf 73' lang='lat' dir='ltr'>hoe</span> 
     </span>
     <span class='ocr_line' id='line_1_56' title="bbox 1714 1101 2777 1166; baseline 0.002 -17"><span class='ocrx_word' id='word_1_288' title='bbox 1714 1115 1826 1150; x_wconf 72' lang='lat' dir='ltr'>ravo</span> <span class='ocrx_word' id='word_1_289' title='bbox 1850 1101 2049 1164; x_wconf 76' lang='lat' dir='ltr'>diserti,</span> <span class='ocrx_word' id='word_1_290' title='bbox 2087 1103 2264 1152; x_wconf 81' lang='lat' dir='ltr'>tradit.</span> <span class='ocrx_word' id='word_1_291' title='bbox 2326 1103 2413 1151; x_wconf 87' lang='lat' dir='ltr'>Sic</span> <span class='ocrx_word' id='word_1_292' title='bbox 2434 1117 2558 1166; x_wconf 85' lang='lat' dir='ltr'>ergo</span> <span class='ocrx_word' id='word_1_293' title='bbox 2580 1103 2649 1151; x_wconf 83' lang='lat' dir='ltr'>de</span> <span class='ocrx_word' id='word_1_294' title='bbox 2670 1115 2777 1151; x_wconf 86' lang='lat' dir='ltr'>ma·</span> 
     </span>
     <span class='ocr_line' id='line_1_57' title="bbox 1717 1177 2776 1240; baseline 0.002 -16"><span class='ocrx_word' id='word_1_295' title='bbox 1717 1177 1891 1240; x_wconf 84' lang='lat' dir='ltr'>gistris</span> <span class='ocrx_word' id='word_1_296' title='bbox 1921 1178 2050 1227; x_wconf 85' lang='lat' dir='ltr'>artis</span> <span class='ocrx_word' id='word_1_297' title='bbox 2086 1177 2264 1229; x_wconf 81' lang='lat' dir='ltr'>Quint.</span> <span class='ocrx_word' id='word_1_298' title='bbox 2289 1191 2380 1226; x_wconf 88' lang='grc' dir='ltr'><strong>ιιι.</strong></span> <span class='ocrx_word' id='word_1_299' title='bbox 2400 1180 2446 1226; x_wconf 85' lang='lat' dir='ltr'>l.</span> <span class='ocrx_word' id='word_1_300' title='bbox 2497 1178 2514 1204; x_wconf 91' lang='lat'>‘</span> <span class='ocrx_word' id='word_1_301' title='bbox 2542 1177 2693 1225; x_wconf 78' lang='lat' dir='ltr'>Adeo</span> <span class='ocrx_word' id='word_1_302' title='bbox 2716 1183 2776 1226; x_wconf 87' lang='lat' dir='ltr'>ut</span> 
     </span>
     <span class='ocr_line' id='line_1_58' title="bbox 1715 1251 2777 1316; baseline 0 -15"><span class='ocrx_word' id='word_1_303' title='bbox 1715 1253 2057 1316; x_wconf 78' lang='lat' dir='ltr'>Apollodorus</span> <span class='ocrx_word' id='word_1_304' title='bbox 2076 1259 2350 1303; x_wconf 82' lang='lat' dir='ltr'>contentus</span> <span class='ocrx_word' id='word_1_305' title='bbox 2370 1251 2489 1302; x_wconf 85' lang='lat' dir='ltr'>solis</span> <span class='ocrx_word' id='word_1_306' title='bbox 2510 1252 2777 1315; x_wconf 82' lang='lat' dir='ltr'>judiciali-</span> 
     </span>
     <span class='ocr_line' id='line_1_59' title="bbox 1716 1328 2778 1390; baseline -0.001 -13"><span class='ocrx_word' id='word_1_307' title='bbox 1716 1328 1811 1377; x_wconf 81' lang='lat' dir='ltr'>bus</span> <span class='ocrx_word' id='word_1_308' title='bbox 1835 1328 2025 1378; x_wconf 65' lang='lat' dir='ltr'>fuerit!</span> <span class='ocrx_word' id='word_1_309' title='bbox 2074 1331 2147 1378; x_wconf 83' lang='lat' dir='ltr'>Et</span> <span class='ocrx_word' id='word_1_310' title='bbox 2164 1328 2326 1378; x_wconf 77' lang='lat' dir='ltr'>infra:</span> <span class='ocrx_word' id='word_1_311' title='bbox 2357 1332 2381 1360; x_wconf 76' lang='lat'>‘</span> <span class='ocrx_word' id='word_1_312' title='bbox 2398 1328 2677 1390; x_wconf 77' lang='lat' dir='ltr'>Praeeipue</span> <span class='ocrx_word' id='word_1_313' title='bbox 2703 1336 2778 1376; x_wconf 89' lang='lat' dir='ltr'>ta·</span> 
     </span>
     <span class='ocr_line' id='line_1_60' title="bbox 1715 1403 2781 1466; baseline -0.001 -12"><span class='ocrx_word' id='word_1_314' title='bbox 1715 1405 1902 1454; x_wconf 86' lang='lat' dir='ltr'>meniu</span> <span class='ocrx_word' id='word_1_315' title='bbox 1924 1420 1978 1454; x_wconf 87' lang='lat' dir='ltr'>se</span> <span class='ocrx_word' id='word_1_316' title='bbox 1995 1411 2361 1454; x_wconf 81' lang='lat' dir='ltr'>converterunt</span> <span class='ocrx_word' id='word_1_317' title='bbox 2375 1404 2546 1452; x_wconf 82' lang='lat' dir='ltr'>studia</span> <span class='ocrx_word' id='word_1_318' title='bbox 2566 1403 2781 1466; x_wconf 77' lang='lat' dir='ltr'>Apollo-</span> 
     </span>
     <span class='ocr_line' id='line_1_61' title="bbox 1716 1479 2778 1544; baseline 0 -16"><span class='ocrx_word' id='word_1_319' title='bbox 1716 1479 1869 1529; x_wconf 84' lang='lat' dir='ltr'>dorus</span> <span class='ocrx_word' id='word_1_320' title='bbox 1919 1481 2291 1543; x_wconf 70' lang='lat' dir='ltr'>Pergamenus,</span> <span class='ocrx_word' id='word_1_321' title='bbox 2336 1480 2425 1544; x_wconf 89' lang='lat' dir='ltr'>qui</span> <span class='ocrx_word' id='word_1_322' title='bbox 2475 1485 2778 1543; x_wconf 77' lang='lat' dir='ltr'>praeceptor</span> 
     </span>
     <span class='ocr_line' id='line_1_62' title="bbox 1713 1553 2775 1620; baseline 0 -16"><span class='ocrx_word' id='word_1_323' title='bbox 1713 1556 2008 1620; x_wconf 64' lang='lat' dir='ltr'>Apolloniae</span> <span class='ocrx_word' id='word_1_324' title='bbox 2051 1557 2269 1606; x_wconf 74' lang='lat' dir='ltr'>Caesaris</span> <span class='ocrx_word' id='word_1_325' title='bbox 2304 1555 2525 1618; x_wconf 81' lang='lat' dir='ltr'>Augusti</span> <span class='ocrx_word' id='word_1_326' title='bbox 2555 1553 2678 1615; x_wconf 81' lang='lat' dir='ltr'>fuit,</span> <span class='ocrx_word' id='word_1_327' title='bbox 2721 1561 2775 1604; x_wconf 92' lang='lat' dir='ltr'>et</span> 
     </span>
     <span class='ocr_line' id='line_1_63' title="bbox 1712 1631 2778 1696; baseline 0.002 -17"><span class='ocrx_word' id='word_1_328' title='bbox 1712 1631 2015 1682; x_wconf 79' lang='lat' dir='ltr'>Theodorus</span> <span class='ocrx_word' id='word_1_329' title='bbox 2053 1632 2356 1694; x_wconf 82' lang='lat' dir='ltr'>Gadareus,’</span> <span class='ocrx_word' id='word_1_330' title='bbox 2389 1647 2546 1696; x_wconf 86' lang='lat' dir='ltr'>quem</span> <span class='ocrx_word' id='word_1_331' title='bbox 2575 1632 2778 1681; x_wconf 82' lang='lat' dir='ltr'>audivit</span> 
     </span>
     <span class='ocr_line' id='line_1_64' title="bbox 1712 1707 2774 1772; baseline 0.002 -16"><span class='ocrx_word' id='word_1_332' title='bbox 1712 1707 1953 1757; x_wconf 83' lang='lat' dir='ltr'>Tiberius</span> <span class='ocrx_word' id='word_1_333' title='bbox 1974 1708 2151 1758; x_wconf 63' lang='lat' dir='ltr'>Cesar</span> <span class='ocrx_word' id='word_1_334' title='bbox 2170 1708 2310 1772; x_wconf 84' lang='lat' dir='ltr'>apud</span> <span class='ocrx_word' id='word_1_335' title='bbox 2335 1707 2592 1758; x_wconf 80' lang='lat' dir='ltr'>Rhodum.</span> <span class='ocrx_word' id='word_1_336' title='bbox 2662 1710 2679 1736; x_wconf 90' lang='lat'>‘</span> <span class='ocrx_word' id='word_1_337' title='bbox 2703 1709 2774 1758; x_wconf 83' lang='lat' dir='ltr'>Hi</span> 
     </span>
     <span class='ocr_line' id='line_1_65' title="bbox 1712 1783 2779 1849; baseline 0.002 -18"><span class='ocrx_word' id='word_1_338' title='bbox 1712 1783 1943 1834; x_wconf 82' lang='lat' dir='ltr'>diversas</span> <span class='ocrx_word' id='word_1_339' title='bbox 1957 1785 2223 1848; x_wconf 84' lang='lat' dir='ltr'>opiniones</span> <span class='ocrx_word' id='word_1_340' title='bbox 2236 1785 2589 1846; x_wconf 85' lang='lat' dir='ltr'>tradiderunt,</span> <span class='ocrx_word' id='word_1_341' title='bbox 2598 1787 2779 1849; x_wconf 81' lang='lat' dir='ltr'>appel·</span> 
     </span>
     <span class='ocr_line' id='line_1_66' title="bbox 1713 1858 2771 1924; baseline 0.005 -17"><span class='ocrx_word' id='word_1_342' title='bbox 1713 1858 1904 1923; x_wconf 88' lang='lat' dir='ltr'>latique</span> <span class='ocrx_word' id='word_1_343' title='bbox 1928 1860 2048 1909; x_wconf 88' lang='lat' dir='ltr'>inde</span> <span class='ocrx_word' id='word_1_344' title='bbox 2068 1861 2399 1924; x_wconf 82' lang='lat' dir='ltr'>Apollodorei</span> <span class='ocrx_word' id='word_1_345' title='bbox 2415 1869 2471 1911; x_wconf 90' lang='lat' dir='ltr'>et</span> <span class='ocrx_word' id='word_1_346' title='bbox 2482 1863 2771 1912; x_wconf 77' lang='lat' dir='ltr'>Theodorei</span> 
     </span>
     <span class='ocr_line' id='line_1_67' title="bbox 1717 1935 2772 2003; baseline 0.007 -22"><span class='ocrx_word' id='word_1_347' title='bbox 1717 1935 1862 1984; x_wconf 84' lang='lat' dir='ltr'>...sed</span> <span class='ocrx_word' id='word_1_348' title='bbox 1886 1935 2188 1998; x_wconf 80' lang='lat' dir='ltr'>Apollodori</span> <span class='ocrx_word' id='word_1_349' title='bbox 2220 1945 2489 2001; x_wconf 79' lang='lat' dir='ltr'>praecepta</span> <span class='ocrx_word' id='word_1_350' title='bbox 2512 1939 2673 2003; x_wconf 88' lang='lat' dir='ltr'>magis</span> <span class='ocrx_word' id='word_1_351' title='bbox 2707 1953 2772 1990; x_wconf 80' lang='lat' dir='ltr'>ex</span> 
     </span>
     <span class='ocr_line' id='line_1_68' title="bbox 1717 2008 2436 2075; baseline 0.01 -19"><span class='ocrx_word' id='word_1_352' title='bbox 1717 2008 1986 2073; x_wconf 83' lang='lat' dir='ltr'>discipulis</span> <span class='ocrx_word' id='word_1_353' title='bbox 2004 2012 2316 2075; x_wconf 83' lang='lat' dir='ltr'>cognoscas,&#39;</span> <span class='ocrx_word' id='word_1_354' title='bbox 2338 2016 2436 2064; x_wconf 74' lang='grc' dir='ltr'><strong>διο.</strong></span> 
     </span>
    </p>

    <p class='ocr_par' dir='ltr' id='par_1_8' title="bbox 1716 2084 2778 2754">
     <span class='ocr_line' id='line_1_69' title="bbox 1780 2084 2774 2150; baseline 0.003 -14"><span class='ocrx_word' id='word_1_355' title='bbox 1780 2084 1869 2136; x_wconf 79' lang='lat' dir='ltr'>Sic</span> <span class='ocrx_word' id='word_1_356' title='bbox 1900 2085 1966 2136; x_wconf 91' lang='lat' dir='ltr'>de</span> <span class='ocrx_word' id='word_1_357' title='bbox 2002 2086 2326 2150; x_wconf 70' lang='lat' dir='ltr'>Hermagora</span> <span class='ocrx_word' id='word_1_358' title='bbox 2362 2101 2451 2138; x_wconf 85' lang='grc' dir='ltr'><strong>ιιι.</strong></span> <span class='ocrx_word' id='word_1_359' title='bbox 2496 2093 2542 2138; x_wconf 91' lang='grc'>1.</span> <span class='ocrx_word' id='word_1_360' title='bbox 2590 2088 2774 2138; x_wconf 79' lang='lat' dir='ltr'>‘Fecit</span> 
     </span>
     <span class='ocr_line' id='line_1_70' title="bbox 1718 2159 2773 2229; baseline 0.005 -20"><span class='ocrx_word' id='word_1_361' title='bbox 1718 2159 1905 2211; x_wconf 90' lang='lat' dir='ltr'>deinde</span> <span class='ocrx_word' id='word_1_362' title='bbox 1944 2163 2087 2210; x_wconf 81' lang='lat' dir='ltr'>velut</span> <span class='ocrx_word' id='word_1_363' title='bbox 2130 2163 2387 2226; x_wconf 85' lang='lat' dir='ltr'>propriam</span> <span class='ocrx_word' id='word_1_364' title='bbox 2426 2164 2773 2229; x_wconf 78' lang='lat' dir='ltr'>Hermagoras</span> 
     </span>
     <span class='ocr_line' id='line_1_71' title="bbox 1716 2236 2777 2301; baseline 0.006 -17"><span class='ocrx_word' id='word_1_365' title='bbox 1716 2236 1874 2297; x_wconf 82' lang='lat' dir='ltr'>viam,</span> <span class='ocrx_word' id='word_1_366' title='bbox 1895 2252 2048 2301; x_wconf 86' lang='lat' dir='ltr'>qnam</span> <span class='ocrx_word' id='word_1_367' title='bbox 2086 2239 2292 2301; x_wconf 83' lang='lat' dir='ltr'>plurimi</span> <span class='ocrx_word' id='word_1_368' title='bbox 2323 2247 2443 2289; x_wconf 81' lang='lat' dir='ltr'>sunt</span> <span class='ocrx_word' id='word_1_369' title='bbox 2461 2241 2654 2290; x_wconf 89' lang='lat' dir='ltr'>secuti:</span> <span class='ocrx_word' id='word_1_370' title='bbox 2694 2243 2777 2291; x_wconf 86' lang='lat' dir='ltr'>cni</span> 
     </span>
     <span class='ocr_line' id='line_1_72' title="bbox 1717 2312 2778 2378; baseline 0.008 -19"><span class='ocrx_word' id='word_1_371' title='bbox 1717 2312 1938 2361; x_wconf 80' lang='lat' dir='ltr'>maxime</span> <span class='ocrx_word' id='word_1_372' title='bbox 1975 2326 2067 2376; x_wconf 84' lang='lat' dir='ltr'>par</span> <span class='ocrx_word' id='word_1_373' title='bbox 2109 2321 2269 2378; x_wconf 84' lang='lat' dir='ltr'>atque</span> <span class='ocrx_word' id='word_1_374' title='bbox 2314 2315 2527 2365; x_wconf 75' lang='lat' dir='ltr'>aemulus</span> <span class='ocrx_word' id='word_1_375' title='bbox 2568 2316 2778 2366; x_wconf 82' lang='lat' dir='ltr'>videtur</span> 
     </span>
     <span class='ocr_line' id='line_1_73' title="bbox 1717 2388 2776 2444; baseline 0.007 -7"><span class='ocrx_word' id='word_1_376' title='bbox 1717 2388 2000 2438; x_wconf 77' lang='lat' dir='ltr'>Athenaeus</span> <span class='ocrx_word' id='word_1_377' title='bbox 2020 2389 2212 2442; x_wconf 68' lang='lat' dir='ltr'>fnisse!</span> <span class='ocrx_word' id='word_1_378' title='bbox 2264 2392 2351 2441; x_wconf 85' lang='lat' dir='ltr'>Sic</span> <span class='ocrx_word' id='word_1_379' title='bbox 2373 2399 2428 2442; x_wconf 89' lang='lat' dir='ltr'>et</span> <span class='ocrx_word' id='word_1_380' title='bbox 2448 2392 2516 2442; x_wconf 92' lang='lat' dir='ltr'>de</span> <span class='ocrx_word' id='word_1_381' title='bbox 2537 2392 2776 2444; x_wconf 81' lang='lat' dir='ltr'>differen-</span> 
     </span>
     <span class='ocr_line' id='line_1_74' title="bbox 1718 2465 2777 2520; baseline 0.007 -7"><span class='ocrx_word' id='word_1_382' title='bbox 1718 2465 1791 2514; x_wconf 86' lang='lat' dir='ltr'>tia</span> <span class='ocrx_word' id='word_1_383' title='bbox 1825 2474 2086 2516; x_wconf 88' lang='lat' dir='ltr'>oratorum</span> <span class='ocrx_word' id='word_1_384' title='bbox 2109 2480 2165 2515; x_wconf 83' lang='lat' dir='ltr'>x.</span> <span class='ocrx_word' id='word_1_385' title='bbox 2189 2471 2239 2516; x_wconf 79' lang='lat'>2.</span> <span class='ocrx_word' id='word_1_386' title='bbox 2272 2470 2290 2497; x_wconf 76' lang='lat'><strong><em>⁴</em></strong></span> <span class='ocrx_word' id='word_1_387' title='bbox 2313 2469 2450 2520; x_wconf 81' lang='lat' dir='ltr'>Quid</span> <span class='ocrx_word' id='word_1_388' title='bbox 2484 2475 2658 2518; x_wconf 81' lang='lat' dir='ltr'>tamen</span> <span class='ocrx_word' id='word_1_389' title='bbox 2689 2481 2777 2520; x_wconf 88' lang='lat' dir='ltr'>no·</span> 
     </span>
     <span class='ocr_line' id='line_1_75' title="bbox 1719 2540 2774 2606; baseline 0.005 -18"><span class='ocrx_word' id='word_1_390' title='bbox 1719 2546 1825 2601; x_wconf 88' lang='lat' dir='ltr'>cet,</span> <span class='ocrx_word' id='word_1_391' title='bbox 1847 2540 1946 2590; x_wconf 80' lang='lat' dir='ltr'>vim</span> <span class='ocrx_word' id='word_1_392' title='bbox 1971 2541 2211 2604; x_wconf 84' lang='lat' dir='ltr'>Caesaris,</span> <span class='ocrx_word' id='word_1_393' title='bbox 2234 2544 2569 2606; x_wconf 81' lang='lat' dir='ltr'>asperitatem</span> <span class='ocrx_word' id='word_1_394' title='bbox 2606 2544 2774 2604; x_wconf 83' lang='lat' dir='ltr'>Coelii,</span> 
     </span>
     <span class='ocr_line' id='line_1_76' title="bbox 1717 2614 2775 2680; baseline 0.003 -17"><span class='ocrx_word' id='word_1_395' title='bbox 1717 2614 2035 2678; x_wconf 76' lang='lat' dir='ltr'>diligentiam</span> <span class='ocrx_word' id='word_1_396' title='bbox 2060 2615 2324 2679; x_wconf 83' lang='lat' dir='ltr'>Pollionis,</span> <span class='ocrx_word' id='word_1_397' title='bbox 2337 2616 2595 2680; x_wconf 87' lang='lat' dir='ltr'>judicium</span> <span class='ocrx_word' id='word_1_398' title='bbox 2628 2617 2775 2667; x_wconf 73' lang='lat' dir='ltr'>Calvi</span> 
     </span>
     <span class='ocr_line' id='line_1_77' title="bbox 1717 2690 2774 2754; baseline 0.004 -17"><span class='ocrx_word' id='word_1_399' title='bbox 1717 2690 2020 2754; x_wconf 83' lang='lat' dir='ltr'>quibusdam</span> <span class='ocrx_word' id='word_1_400' title='bbox 2050 2691 2102 2739; x_wconf 87' lang='lat' dir='ltr'>in</span> <span class='ocrx_word' id='word_1_401' title='bbox 2126 2691 2252 2739; x_wconf 87' lang='lat' dir='ltr'>locis</span> <span class='ocrx_word' id='word_1_402' title='bbox 2289 2705 2551 2741; x_wconf 83' lang='lat' dir='ltr'>assumere</span> <span class='ocrx_word' id='word_1_403' title='bbox 2564 2693 2604 2740; x_wconf 85' lang='lat'>?&#39;</span> <span class='ocrx_word' id='word_1_404' title='bbox 2634 2693 2774 2744; x_wconf 80' lang='lat' dir='ltr'>Quid</span> 
     </span>
    </p>
   </div>
   <div class='ocr_carea' id='block_1_6' title="bbox 1690 2765 2777 2832">
    <p class='ocr_par' dir='ltr' id='par_1_9' title="bbox 1690 2765 2777 2832">
     <span class='ocr_line' id='line_1_78' title="bbox 1690 2765 2777 2832; baseline 0.003 -17"><span class='ocrx_word' id='word_1_405' title='bbox 1690 2765 1929 2816; x_wconf 80' lang='lat' dir='ltr'>‘similius</span> <span class='ocrx_word' id='word_1_406' title='bbox 1963 2767 2067 2815; x_wconf 79' lang='lat' dir='ltr'>diei</span> <span class='ocrx_word' id='word_1_407' title='bbox 2102 2767 2295 2832; x_wconf 76' lang='lat' dir='ltr'>possit?</span> <span class='ocrx_word' id='word_1_408' title='bbox 2325 2767 2459 2816; x_wconf 88' lang='lat' dir='ltr'>Vide</span> <span class='ocrx_word' id='word_1_409' title='bbox 2494 2783 2620 2831; x_wconf 87' lang='lat' dir='ltr'>ergo</span> <span class='ocrx_word' id='word_1_410' title='bbox 2651 2769 2777 2819; x_wconf 86' lang='lat' dir='ltr'>dial.</span> 
     </span>
    </p>
   </div>
   <div class='ocr_carea' id='block_1_7' title="bbox 1706 2846 2779 4250">
    <p class='ocr_par' dir='ltr' id='par_1_10' title="bbox 1716 2846 1930 2905">
     <span class='ocr_line' id='line_1_79' title="bbox 1716 2846 1930 2905; baseline 0.005 -14"><span class='ocrx_word' id='word_1_411' title='bbox 1716 2856 1830 2905; x_wconf 88' lang='lat' dir='ltr'>cap.</span> <span class='ocrx_word' id='word_1_412' title='bbox 1848 2846 1930 2892; x_wconf 76' lang='lat'>25.</span> 
     </span>
    </p>

    <p class='ocr_par' dir='ltr' id='par_1_11' title="bbox 1706 2917 2779 4250">
     <span class='ocr_line' id='line_1_80' title="bbox 1727 2917 2777 2967; baseline 0.001 -2"><span class='ocrx_word' id='word_1_413' title='bbox 1727 2937 1737 2946; x_wconf 91' lang='lat'><strong>·</strong></span> <span class='ocrx_word' id='word_1_414' title='bbox 1780 2917 1867 2966; x_wconf 87' lang='lat' dir='ltr'>Sic</span> <span class='ocrx_word' id='word_1_415' title='bbox 1889 2925 2062 2967; x_wconf 85' lang='lat' dir='ltr'>autem</span> <span class='ocrx_word' id='word_1_416' title='bbox 2083 2925 2140 2967; x_wconf 92' lang='lat' dir='ltr'>et</span> <span class='ocrx_word' id='word_1_417' title='bbox 2162 2917 2227 2967; x_wconf 86' lang='lat' dir='ltr'>de</span> <span class='ocrx_word' id='word_1_418' title='bbox 2246 2918 2565 2967; x_wconf 86' lang='lat' dir='ltr'>Calamistris</span> <span class='ocrx_word' id='word_1_419' title='bbox 2583 2918 2777 2966; x_wconf 70' lang='lat' dir='ltr'>Maece-</span> 
     </span>
     <span class='ocr_line' id='line_1_81' title="bbox 1718 2993 2778 3056; baseline 0.002 -16"><span class='ocrx_word' id='word_1_420' title='bbox 1718 2993 1853 3042; x_wconf 84' lang='lat' dir='ltr'>natis</span> <span class='ocrx_word' id='word_1_421' title='bbox 1877 2994 2102 3045; x_wconf 84' lang='lat' dir='ltr'>Quintil.</span> <span class='ocrx_word' id='word_1_422' title='bbox 2124 2994 2159 3043; x_wconf 86' lang='lat'>1.</span> <span class='ocrx_word' id='word_1_423' title='bbox 2183 3006 2261 3042; x_wconf 83' lang='lat' dir='ltr'>rx.</span> <span class='ocrx_word' id='word_1_424' title='bbox 2282 2998 2335 3042; x_wconf 73' lang='grc'>4.</span> <span class='ocrx_word' id='word_1_425' title='bbox 2366 2995 2381 3021; x_wconf 88' lang='lat'>‘</span> <span class='ocrx_word' id='word_1_426' title='bbox 2397 2995 2778 3056; x_wconf 56' lang='lat' dir='ltr'>&#39;transgressio—</span> 
     </span>
     <span class='ocr_line' id='line_1_82' title="bbox 1719 3069 2775 3133; baseline 0.001 -16"><span class='ocrx_word' id='word_1_427' title='bbox 1719 3082 1812 3117; x_wconf 88' lang='lat' dir='ltr'>nes</span> <span class='ocrx_word' id='word_1_428' title='bbox 1835 3103 1876 3120; x_wconf 87' lang='lat'>..</span> <span class='ocrx_word' id='word_1_429' title='bbox 1896 3103 1934 3119; x_wconf 90' lang='lat'>..</span> <span class='ocrx_word' id='word_1_430' title='bbox 1951 3070 2109 3119; x_wconf 86' lang='lat' dir='ltr'>etiam</span> <span class='ocrx_word' id='word_1_431' title='bbox 2143 3069 2517 3133; x_wconf 86' lang='lat' dir='ltr'>compositione</span> <span class='ocrx_word' id='word_1_432' title='bbox 2553 3070 2775 3131; x_wconf 68' lang='lat' dir='ltr'>vitiosa»,</span> 
     </span>
     <span class='ocr_line' id='line_1_83' title="bbox 1720 3144 2776 3209; baseline -0.002 -16"><span class='ocrx_word' id='word_1_433' title='bbox 1720 3160 1837 3209; x_wconf 79' lang='lat' dir='ltr'>qnae</span> <span class='ocrx_word' id='word_1_434' title='bbox 1859 3146 1913 3194; x_wconf 89' lang='lat' dir='ltr'>in</span> <span class='ocrx_word' id='word_1_435' title='bbox 1934 3146 2031 3194; x_wconf 84' lang='lat' dir='ltr'>hoc</span> <span class='ocrx_word' id='word_1_436' title='bbox 2054 3146 2217 3208; x_wconf 87' lang='lat' dir='ltr'>ipsum</span> <span class='ocrx_word' id='word_1_437' title='bbox 2250 3151 2517 3209; x_wconf 80' lang='lat' dir='ltr'>petuntur,</span> <span class='ocrx_word' id='word_1_438' title='bbox 2538 3150 2594 3192; x_wconf 88' lang='lat' dir='ltr'>nt</span> <span class='ocrx_word' id='word_1_439' title='bbox 2634 3144 2776 3193; x_wconf 83' lang='lat' dir='ltr'>exul-</span> 
     </span>
     <span class='ocr_line' id='line_1_84' title="bbox 1721 3220 2775 3285; baseline -0.002 -15"><span class='ocrx_word' id='word_1_440' title='bbox 1721 3228 1841 3270; x_wconf 90' lang='lat' dir='ltr'>tent</span> <span class='ocrx_word' id='word_1_441' title='bbox 1878 3227 2034 3285; x_wconf 88' lang='lat' dir='ltr'>atque</span> <span class='ocrx_word' id='word_1_442' title='bbox 2087 3220 2394 3269; x_wconf 81' lang='lat' dir='ltr'>lasciviant:</span> <span class='ocrx_word' id='word_1_443' title='bbox 2446 3220 2623 3284; x_wconf 83' lang='lat' dir='ltr'>quales</span> <span class='ocrx_word' id='word_1_444' title='bbox 2670 3220 2775 3268; x_wconf 78' lang='lat' dir='ltr'>iuae</span> 
     </span>
     <span class='ocr_line' id='line_1_85' title="bbox 1720 3294 2777 3360; baseline -0.003 -15"><span class='ocrx_word' id='word_1_445' title='bbox 1720 3298 2047 3360; x_wconf 67' lang='lat' dir='ltr'>Maeceuatis,</span> <span class='ocrx_word' id='word_1_446' title='bbox 2100 3296 2210 3344; x_wconf 77' lang='lat' dir='ltr'>Sole</span> <span class='ocrx_word' id='word_1_447' title='bbox 2268 3301 2317 3344; x_wconf 77' lang='lat' dir='ltr'>et</span> <span class='ocrx_word' id='word_1_448' title='bbox 2378 3309 2548 3343; x_wconf 70' lang='lat' dir='ltr'>wora</span> <span class='ocrx_word' id='word_1_449' title='bbox 2610 3294 2777 3343; x_wconf 67' lang='lat' dir='ltr'>rubent</span> 
     </span>
     <span class='ocr_line' id='line_1_86' title="bbox 1706 3369 2776 3437; baseline -0.004 -15"><span class='ocrx_word' id='word_1_450' title='bbox 1706 3375 1936 3437; x_wconf 69' lang='lat' dir='ltr'>plurima.</span> <span class='ocrx_word' id='word_1_451' title='bbox 2008 3374 2139 3422; x_wconf 73' lang='lat' dir='ltr'>later</span> <span class='ocrx_word' id='word_1_452' title='bbox 2157 3387 2293 3421; x_wconf 74' lang='lat' dir='ltr'>sacru</span> <span class='ocrx_word' id='word_1_453' title='bbox 2315 3373 2458 3420; x_wconf 57' lang='lat' dir='ltr'>maie</span> <span class='ocrx_word' id='word_1_454' title='bbox 2477 3369 2776 3434; x_wconf 65' lang='lat' dir='ltr'>aquosi-axi-</span> 
     </span>
     <span class='ocr_line' id='line_1_87' title="bbox 1718 3447 2779 3509; baseline -0.003 -12"><span class='ocrx_word' id='word_1_455' title='bbox 1718 3465 1815 3497; x_wconf 73' lang='lat' dir='ltr'>nos.</span> <span class='ocrx_word' id='word_1_456' title='bbox 1899 3450 1976 3498; x_wconf 86' lang='lat' dir='ltr'>Ne</span> <span class='ocrx_word' id='word_1_457' title='bbox 2028 3449 2244 3509; x_wconf 73' lang='lat' dir='ltr'>exequias</span> <span class='ocrx_word' id='word_1_458' title='bbox 2295 3447 2480 3509; x_wconf 71' lang='lat' dir='ltr'>quidem</span> <span class='ocrx_word' id='word_1_459' title='bbox 2531 3461 2655 3495; x_wconf 69' lang='lat' dir='ltr'>unas</span> <span class='ocrx_word' id='word_1_460' title='bbox 2705 3447 2779 3494; x_wconf 75' lang='lat' dir='ltr'>ia·</span> 
     </span>
     <span class='ocr_line' id='line_1_88' title="bbox 1720 3521 2775 3574; baseline -0.003 0"><span class='ocrx_word' id='word_1_461' title='bbox 1720 3531 1796 3574; x_wconf 77' lang='lat' dir='ltr'>ter</span> <span class='ocrx_word' id='word_1_462' title='bbox 1836 3525 2118 3574; x_wconf 70' lang='lat' dir='ltr'>misen-imos</span> <span class='ocrx_word' id='word_1_463' title='bbox 2150 3524 2355 3571; x_wconf 73' lang='lat' dir='ltr'>vider-em</span> <span class='ocrx_word' id='word_1_464' title='bbox 2395 3535 2537 3570; x_wconf 69' lang='lat' dir='ltr'>mens.</span> <span class='ocrx_word' id='word_1_465' title='bbox 2619 3521 2775 3573; x_wconf 75' lang='lat' dir='ltr'>Quod</span> 
     </span>
     <span class='ocr_line' id='line_1_89' title="bbox 1721 3597 2775 3662; baseline -0.002 -14"><span class='ocrx_word' id='word_1_466' title='bbox 1721 3601 1860 3649; x_wconf 90' lang='lat' dir='ltr'>inter</span> <span class='ocrx_word' id='word_1_467' title='bbox 1890 3602 2001 3648; x_wconf 73' lang='lat' dir='ltr'>haec</span> <span class='ocrx_word' id='word_1_468' title='bbox 2025 3601 2300 3662; x_wconf 73' lang='lat' dir='ltr'>pessimum</span> <span class='ocrx_word' id='word_1_469' title='bbox 2333 3604 2431 3659; x_wconf 67' lang='lat' dir='ltr'>est,</span> <span class='ocrx_word' id='word_1_470' title='bbox 2465 3597 2584 3660; x_wconf 82' lang='lat' dir='ltr'>quia</span> <span class='ocrx_word' id='word_1_471' title='bbox 2622 3597 2676 3645; x_wconf 87' lang='lat' dir='ltr'>in</span> <span class='ocrx_word' id='word_1_472' title='bbox 2718 3611 2775 3646; x_wconf 88' lang='lat' dir='ltr'>re</span> 
     </span>
     <span class='ocr_line' id='line_1_90' title="bbox 1722 3671 2775 3734; baseline -0.002 -12"><span class='ocrx_word' id='word_1_473' title='bbox 1722 3675 1857 3723; x_wconf 83' lang='lat' dir='ltr'>tristi</span> <span class='ocrx_word' id='word_1_474' title='bbox 1895 3674 2030 3722; x_wconf 83' lang='lat' dir='ltr'>ludit</span> <span class='ocrx_word' id='word_1_475' title='bbox 2068 3671 2404 3734; x_wconf 79' lang='lat' dir='ltr'>couipositio.&#39;</span> <span class='ocrx_word' id='word_1_476' title='bbox 2468 3672 2538 3720; x_wconf 86' lang='lat' dir='ltr'>Et</span> <span class='ocrx_word' id='word_1_477' title='bbox 2576 3672 2610 3719; x_wconf 87' lang='grc' dir='ltr'>Ι.</span> <span class='ocrx_word' id='word_1_478' title='bbox 2634 3684 2699 3720; x_wconf 82' lang='grc' dir='ltr'>ιι.</span> <span class='ocrx_word' id='word_1_479' title='bbox 2723 3678 2775 3721; x_wconf 77' lang='grc'>6.</span> 
     </span>
     <span class='ocr_line' id='line_1_91' title="bbox 1719 3747 2777 3813; baseline -0.002 -15"><span class='ocrx_word' id='word_1_480' title='bbox 1719 3751 1735 3777; x_wconf 88' lang='lat'>‘</span> <span class='ocrx_word' id='word_1_481' title='bbox 1758 3749 1934 3813; x_wconf 87' lang='lat' dir='ltr'>Atque</span> <span class='ocrx_word' id='word_1_482' title='bbox 1969 3751 2126 3798; x_wconf 84' lang='lat' dir='ltr'>etiam</span> <span class='ocrx_word' id='word_1_483' title='bbox 2156 3747 2246 3811; x_wconf 84' lang='lat' dir='ltr'>qui</span> <span class='ocrx_word' id='word_1_484' title='bbox 2279 3747 2457 3808; x_wconf 79' lang='lat' dir='ltr'>specie</span> <span class='ocrx_word' id='word_1_485' title='bbox 2476 3747 2777 3811; x_wconf 82' lang='lat' dir='ltr'>capiuntur,</span> 
     </span>
     <span class='ocr_line' id='line_1_92' title="bbox 1721 3822 2776 3886; baseline 0 -14"><span class='ocrx_word' id='word_1_486' title='bbox 1721 3825 1878 3874; x_wconf 84' lang='lat' dir='ltr'>vulsis</span> <span class='ocrx_word' id='word_1_487' title='bbox 1901 3825 2182 3886; x_wconf 71' lang='lat' dir='ltr'>levatisque</span> <span class='ocrx_word' id='word_1_488' title='bbox 2196 3830 2255 3869; x_wconf 87' lang='lat' dir='ltr'>et</span> <span class='ocrx_word' id='word_1_489' title='bbox 2276 3822 2468 3870; x_wconf 80' lang='lat' dir='ltr'>inustas</span> <span class='ocrx_word' id='word_1_490' title='bbox 2487 3835 2659 3871; x_wconf 65' lang='lat' dir='ltr'>mma»</span> <span class='ocrx_word' id='word_1_491' title='bbox 2672 3838 2776 3872; x_wconf 83' lang='lat' dir='ltr'>aen</span> 
     </span>
     <span class='ocr_line' id='line_1_93' title="bbox 1719 3898 2778 3962; baseline -0.002 -12"><span class='ocrx_word' id='word_1_492' title='bbox 1719 3900 2056 3961; x_wconf 77' lang='lat' dir='ltr'>comentibus,</span> <span class='ocrx_word' id='word_1_493' title='bbox 2078 3907 2133 3946; x_wconf 90' lang='lat' dir='ltr'>et</span> <span class='ocrx_word' id='word_1_494' title='bbox 2147 3910 2245 3945; x_wconf 87' lang='lat' dir='ltr'>non</span> <span class='ocrx_word' id='word_1_495' title='bbox 2270 3910 2362 3944; x_wconf 83' lang='lat' dir='ltr'>sno</span> <span class='ocrx_word' id='word_1_496' title='bbox 2384 3898 2555 3945; x_wconf 88' lang='lat' dir='ltr'>colore</span> <span class='ocrx_word' id='word_1_497' title='bbox 2577 3898 2778 3962; x_wconf 77' lang='lat' dir='ltr'>nitidis,</span> 
     </span>
     <span class='ocr_line' id='line_1_94' title="bbox 1721 3972 2777 4039; baseline 0 -15"><span class='ocrx_word' id='word_1_498' title='bbox 1721 3976 1838 4039; x_wconf 86' lang='lat' dir='ltr'>plns</span> <span class='ocrx_word' id='word_1_499' title='bbox 1857 3989 1970 4022; x_wconf 85' lang='lat' dir='ltr'>esse</span> <span class='ocrx_word' id='word_1_500' title='bbox 1992 3972 2170 4022; x_wconf 72' lang='lat' dir='ltr'>formae</span> <span class='ocrx_word' id='word_1_501' title='bbox 2207 3979 2410 4036; x_wconf 87' lang='lat' dir='ltr'>putant,</span> <span class='ocrx_word' id='word_1_502' title='bbox 2429 3987 2579 4035; x_wconf 82' lang='lat' dir='ltr'>quam</span> <span class='ocrx_word' id='word_1_503' title='bbox 2610 3975 2777 4037; x_wconf 77' lang='lat' dir='ltr'>possit</span> 
     </span>
     <span class='ocr_line' id='line_1_95' title="bbox 1724 4049 2778 4112; baseline -0.001 -13"><span class='ocrx_word' id='word_1_504' title='bbox 1724 4051 1946 4099; x_wconf 81' lang='lat' dir='ltr'>tribuere</span> <span class='ocrx_word' id='word_1_505' title='bbox 1982 4049 2280 4112; x_wconf 81' lang='lat' dir='ltr'>incorrupta</span> <span class='ocrx_word' id='word_1_506' title='bbox 2322 4056 2529 4096; x_wconf 86' lang='lat' dir='ltr'>natura:</span> <span class='ocrx_word' id='word_1_507' title='bbox 2564 4054 2626 4096; x_wconf 90' lang='lat' dir='ltr'>ut</span> <span class='ocrx_word' id='word_1_508' title='bbox 2663 4051 2778 4112; x_wconf 86' lang='lat' dir='ltr'>pnl-</span> 
     </span>
     <span class='ocr_line' id='line_1_96' title="bbox 1719 4121 2778 4186; baseline -0.003 -12"><span class='ocrx_word' id='word_1_509' title='bbox 1719 4124 1961 4174; x_wconf 84' lang='lat' dir='ltr'>chritudo</span> <span class='ocrx_word' id='word_1_510' title='bbox 1996 4123 2228 4186; x_wconf 86' lang='lat' dir='ltr'>corporis</span> <span class='ocrx_word' id='word_1_511' title='bbox 2251 4122 2428 4170; x_wconf 85' lang='lat' dir='ltr'>venire</span> <span class='ocrx_word' id='word_1_512' title='bbox 2444 4121 2688 4172; x_wconf 76' lang='lat' dir='ltr'>videatur</span> <span class='ocrx_word' id='word_1_513' title='bbox 2709 4137 2778 4172; x_wconf 81' lang='lat' dir='ltr'>ex</span> 
     </span>
     <span class='ocr_line' id='line_1_97' title="bbox 1720 4197 2645 4250; baseline -0.002 0"><span class='ocrx_word' id='word_1_514' title='bbox 1720 4200 1864 4250; x_wconf 85' lang='lat' dir='ltr'>malis</span> <span class='ocrx_word' id='word_1_515' title='bbox 1883 4198 2145 4249; x_wconf 65' lang='lat' dir='ltr'>moribus!</span> <span class='ocrx_word' id='word_1_516' title='bbox 2200 4197 2335 4247; x_wconf 82' lang='lat' dir='ltr'>Vide</span> <span class='ocrx_word' id='word_1_517' title='bbox 2354 4197 2476 4248; x_wconf 82' lang='lat' dir='ltr'>dial.</span> <span class='ocrx_word' id='word_1_518' title='bbox 2495 4211 2543 4248; x_wconf 81' lang='lat' dir='ltr'>c.</span> <span class='ocrx_word' id='word_1_519' title='bbox 2561 4201 2645 4249; x_wconf 69' lang='lat'>26.</span> 
     </span>
    </p>
   </div>
  </div>
 </body>
</html>
