3000 4859
503 357 678 424 3754

1293 375 1389 422 1)ss
1436 372 1913 421 ORA'ronfflus

1501 603 1549 652 N
1557 601 1712 652 0⁹1⁸AE

500 725 599 760 nec
622 710 687 761 de
711 713 942 775 patribus
965 721 1166 763 tantum
1189 714 1384 778 loquor.
1419 715 1555 764 Nam

502 787 857 837 Gracchorum
875 790 1184 853 eloquentia·
1201 791 1414 840 multum
1439 806 1561 848 cong

500 864 682 913 tulisse
701 865 994 927 accepimus
1011 868 1299 916 Corneliam
1324 876 1561 929 matrem,

501 940 651 1003 cujtts
672 940 994 990 doctissimus
1026 957 1194 989 sermo
1231 944 1281 991 in
1323 950 1558 1005 posteros

501 1029 706 1080 quoque
731 1024 810 1066 est
834 1019 1232 1067 translatus...de
1263 1020 1453 1080 pueris,
1485 1021 1559 1067 in-

505 1097 590 1140 ter
635 1106 760 1155 quos
800 1093 1107 1142 edm-abitur
1154 1095 1239 1142 ille
1286 1095 1404 1143 hnic
1446 1111 1469 1141 s
1510 1095 1556 1143 ei

503 1166 808 1226 destinatus,
845 1168 979 1217 idem
1004 1169 1142 1232 qnod
1173 1169 1238 1217 de
1272 1110 1558 1219 nutricigus

504 1242 699 1292 dictum
723 1244 806 1292 sit.
877 1246 958 1293 De
1003 1246 1298 1307 paedagogis
1336 1247 1432 1295 hoc
1455 1261 1559 1294 am-

506 1319 661 1382 plius,
684 1328 742 1369 nt
762 1329 852 1370 aut
877 1321 978 1369 sint
1000 1322 1190 1370 eruditi
1214 1323 1383 1383 plane,
1405 1338 1559 1387 quam

505 1394 716 1457 primam
735 1409 848 1443 esse
865 1409 1039 1445 curam
1057 1397 1380 1446 velim...Nec
1396 1398 1559 1445 minus

502 1482 654 1520 error
674 1485 850 1520 eorum
874 1482 1027 1521 nocet
1055 1473 1315 1532 moribus,’
1339 1477 1436 1522 ὅτε.
1493 1475 1560 1522 Ε-

503 1545 628 1594 tiam
651 1558 690 1595 ι.
712 1550 762 1595 2.
799 1548 814 1574 ‘
838 1546 892 1595 si
919 1547 1050 1596 bona
1089 1549 1245 1611 ipsius
1267 1547 1463 1613 (pueri)
1487 1549 1561 1597 in·

506 1619 670 1682 doles,
706 1622 748 1670 si
784 1636 884 1670 non
920 1637 1063 1672 caeca
1085 1638 1147 1673 ac
1168 1629 1340 1688 sopita
1380 1639 1562 1687 paren·

505 1701 614 1745 tum
658 1698 897 1746 socordia
932 1705 1029 1758 est,
1081 1706 1135 1748 et
1183 1708 1560 1762 praeceptorem

502 1773 693 1836 eligere
716 1775 1088 1823 sanctissimum
1113 1790 1365 1839 quemque
1386 1776 1559 1840 (cujus

504 1849 582 1898 rei
621 1851 885 1912 praecipua
921 1850 1259 1913 prudentibus
1296 1866 1420 1900 cura
1455 1851 1560 1915 est)

504 1931 562 1973 et
596 1923 939 1987 disciplinam,
971 1940 1086 1989 qnae
1124 1927 1343 1975 maxime
1378 1942 1565 1977 severa

505 1997 681 2062 fuerit,
710 2000 860 2049 licet:
896 2007 950 2049 et
972 2001 1297 2051 nihilominus
1324 2004 1564 2067 amicum,

505 2087 716 2136 gravem
738 2075 925 2134 virum,
961 2084 1052 2125 aut
1071 2076 1280 2127 fidelem
1318 2078 1562 2127 libertum

507 2148 662 2198 lateri
683 2148 778 2197 filii
812 2151 886 2198 sui
926 2150 1233 2214 adjungere:
1271 2152 1417 2215 cujus
1440 2153 1563 2202 assi·

508 2224 636 2274 dnus
671 2226 821 2275 comit
846 2234 946 2275 dua
981 2228 1138 2274 etiam
1178 2228 1291 2276 illos
1325 2229 1562 2278 meliores

507 2299 687 2363 faciat,
707 2301 798 2365 qui
822 2302 1408 2350 timebuntur-...Utinam
1435 2302 1563 2352 libe·

506 2390 681 2426 rorum
703 2384 994 2426 nostrorum
1019 2391 1184 2426 mores
1204 2393 1303 2427 nou
1326 2379 1423 2442 ipsi
1448 2393 1567 2441 per-

507 2451 764 2502 deremus.
831 2451 1112 2502 Infantiam
1152 2455 1327 2503 statim
1363 2454 1563 2504 deliciis

505 2527 768 2578 solvimus.
826 2529 1000 2578 Mollis
1023 2529 1112 2578 illa
1134 2529 1388 2588 educatio,
1412 2545 1564 2594 quam

506 2602 876 2667 indulgentiam
902 2619 1159 2666 vocamus,
1182 2619 1366 2655 nervos
1388 2621 1564 2657 omnes

508 2687 567 2731 et
588 2682 776 2730 mantis
813 2687 868 2730 et
897 2681 1127 2743 corporis
1147 2679 1358 2744 frangit.
1424 2681 1565 2731 Gau·

509 2756 707 2818 demus,
760 2757 803 2805 si
848 2757 970 2820 quid
1023 2756 1263 2805 licentius
1316 2756 1563 2807 dixerint.

507 2831 685 2882 Verba
721 2846 787 2882 ne
826 2832 1183 2882 Alexandrinis
1205 2832 1416 2896 quidem
1447 2848 1565 2898 per-

509 2908 761 2958 mittenda
783 2909 984 2958 deliciis
1007 2908 1110 2957 risu
1143 2915 1205 2956 et
1235 2911 1408 2958 osculo
1429 2911 1567 2959 exci-

510 2986 918 3050 pimus..nostras
959 2986 1165 3046 amicas,
1200 2993 1402 3036 nostros
1443 3002 1566 3038 con·

510 3061 722 3111 cubinoa
750 3062 961 3111 vident:
997 3076 1147 3110 omne
1167 3063 1456 3112 convivium
1477 3063 1567 3113 ob·

510 3139 694 3188 scoenis
710 3139 928 3188 canticis
950 3139 1154 3202 strepit,
1171 3139 1409 3201 pudenda
1426 3140 1567 3189 dictu

508 3215 845 3277 spectantur?
909 3216 990 3263 En
1037 3214 1157 3262 vitia
1205 3214 1373 3263 Urbis.
1441 3215 1567 3263 Mox

510 3290 578 3340 de
621 3291 830 3340 inscitia
864 3291 1278 3353 praecipientium
1312 3291 1386 3339 sic
1420 3292 1569 3341 addit

513 3377 616 3415 ιιι.
641 3371 719 3416 11.
752 3369 766 3393 ‘
793 3365 984 3414 Omnia
1020 3366 1154 3413 enim
1195 3365 1429 3414 breviora
1453 3366 1567 3415 red-

514 3441 605 3492 det
626 3441 772 3504 ordo‚
786 3448 843 3490 et
867 3442 1019 3503 ratio,
1038 3450 1093 3491 et
1114 3442 1323 3503 modns3
1347 3442 1437 3491 sed
1460 3443 1568 3492 cul·

512 3533 580 3582 pa
595 3525 677 3568 est
698 3519 753 3568 in
775 3518 1183 3581 praeceptoribus
1204 3519 1387 3582 prima,
1405 3519 1567 3569 liben-

511 3599 594 3642 ter
612 3594 964 3644 detinentibus
988 3608 1233 3657 puerum;
1270 3597 1457 3657 partim
1480 3610 1567 3645 cu-

512 3667 736 3731 piditate
755 3669 945 3718 diutius
962 3669 1205 3732 exigendi
1222 3670 1566 3732 mercedulau;

511 3745 705 3809 partim
745 3745 1042 3806 ambitione,
1068 3760 1169 3808 quo
1201 3743 1457 3794 difficilius
1479 3747 1567 3809 sit,

512 3821 651 3887 quod
691 3821 1034 3884 pollicentur;
1087 3820 1272 3882 partim
1296 3821 1454 3869 etiam
1492 3823 1567 3869 in-

512 3897 663 3947 scitia
680 3897 937 3958 tradendi,
949 3898 1028 3944 vel
1048 3897 1398 3959 negligentia!
1432 3897 1568 3945 Dein

512 3980 570 4022 et
592 3986 653 4022 u.
681 3977 758 4022 10.
792 3974 808 4000 ‘
837 3974 911 4021 Eo
934 3972 1138 4036 quidem
1180 3987 1260 4020 res
1290 3972 1393 4020 ista
1415 3973 1570 4035 culpa

512 4046 808 4097 docentium
828 4047 1030 4110 recidit,
1047 4054 1105 4096 ut
1126 4049 1264 4098 inter
1281 4047 1568 4110 praecipuas

513 4138 629 4188 quae
652 4131 1044 4188 corrumperent
1065 4124 1429 4188 eloquentiam,
1450 4137 1570 4172 cau-

513 4213 613 4263 sas,
631 4200 845 4250 licentia
863 4206 1021 4264 atque
1053 4199 1260 4250 inscitia
1278 4201 1573 4251 declaman-

1637 715 1762 764 tium
1785 713 1978 764 fuerit!
2042 711 2180 764 Quid
2204 709 2427 760 darius?

1709 792 1772 838 Et
1808 789 2015 838 tandem
2040 793 2156 849 post
2176 786 2515 835 domesticam
2545 784 2702 834 disei-

1637 867 1824 928 plinam
1847 866 2019 925 docet,
2054 863 2343 911 adeundum
2382 875 2494 910 ease
2528 869 2701 910 orato·

1639 957 1745 990 rem
1784 941 2052 1003 optimum,
2090 945 2145 987 et
2185 939 2269 1002 qui
2312 938 2612 999 principem,
2648 937 2703 985 iu

1637 1017 1849 1066 civitate
1895 1018 2061 1064 locum
2106 1022 2302 1062 teneat.
2387 1013 2475 1061 Sic
2519 1019 2700 1060 antem

1637 1094 1793 1142 habet
1817 1107 1880 1141 ιι.
1904 1097 1951 1140 8.
2008 1092 2141 1140 Sunt
2163 1090 2250 1154 qui
2283 1092 2299 1117 ⁴
2328 1103 2426 1136 non
2449 1087 2701 1137 continuo

1638 1171 1916 1220 tradendos
1929 1168 2164 1234 [pueros]
2179 1167 2585 1216 eminentissimo
2596 1164 2705 1212 cni·

1638 1261 1737 1310 que
1760 1247 1999 1310 [rhetori]
2015 1245 2255 1302 credunt,
2273 1242 2363 1290 sed
2383 1241 2521 1304 apud
2542 1240 2707 1288 mino-

1641 1337 1723 1371 res
1740 1321 2050 1385 aliquamdiu
2071 1319 2332 1369 detinent:
2364 1325 2611 1378 tanquam
2624 1315 2704 1363 in-

1640 1399 1916 1448 stituendis
1937 1397 2135 1447 artibus
2174 1396 2334 1456 magis
2356 1396 2425 1444 sit
2445 1401 2573 1456 apta
2596 1397 2707 1442 me*-

1639 1474 1888 1524 diocritas
1906 1471 2276 1536 praeceptoris.’
2312 1468 2483 1520 Infra:
2508 1470 2525 1496 ‘
2543 1467 2705 1519 Quod

1639 1551 1860 1614 eos,qui
1896 1551 2198 1612 ampliooem
2236 1546 2446 1596 dicendi
2484 1543 2708 1594 faculta-

1642 1634 1747 1675 tem
1788 1633 1908 1674 sunt
1943 1625 2229 1684 consecuti,
2267 1636 2368 1671 nou
2408 1628 2599 1685 putant
2636 1620 2704 1668 ad

1640 1701 1833 1749 minora
1873 1700 2225 1749 descendere:
2282 1699 2437 1762 idque
2492 1695 2705 1744 interim

1638 1774 1769 1832 fieri,
1812 1775 1931 1839 quia
1972 1773 2243 1824 fastidiant
2280 1780 2528 1836 prtestare
2567 1771 2706 1819 bane

1636 1850 1966 1900 inferioribus
1990 1865 2197 1899 curam:
2234 1849 2437 1899 interim
2454 1847 2578 1911 quia
2599 1860 2706 1895 om·

1641 1927 1763 1975 nino
1807 1940 1908 1975 non
1946 1926 2160 1989 possint.
2226 1927 2336 1988 Ego
2375 1937 2533 1987 porro
2564 1935 2704 1983 eum,

1644 2004 1728 2066 qui
1771 2002 1918 2063 nolit,
1954 2002 2005 2050 in
2045 2015 2258 2051 numero
2293 1999 2705 2063 praecipientium

1642 2092 1743 2126 non
1765 2077 1930 2126 habeo
1951 2093 1965 2126 τ
2018 2090 2167 2140 posse
2203 2083 2377 2125 autem
2398 2076 2643 2136 maxime,
2663 2073 2707 2123 si

1642 2155 1788 2217 velit,
1830 2154 2081 2218 optimum
2125 2166 2382 2217 quemque
2423 2150 2706 2202 contendo.

1644 2230 1873 2279 Primum
1916 2229 2053 2294 quod
2096 2243 2233 2287 enm,
2277 2229 2363 2293 qui
2406 2229 2709 2292 eloquentia

1643 2310 1831 2356 ceteris
1852 2312 2090 2370 prestet,
2110 2305 2199 2354 illa
2221 2319 2446 2369 qnoque,
2462 2317 2563 2368 per
2584 2317 2705 2367 que

1641 2383 1707 2431 ad
1742 2382 2090 2446 eloquentiam
2127 2382 2452 2445 pervenitur,
2488 2380 2709 2442 diligen·

1644 2458 1839 2507 tissime
1862 2457 2159 2521 percepisse
2180 2456 2427 2506 credibile
2450 2463 2549 2504 est.
2595 2455 2709 2504 De·

1642 2532 1762 2582 inde
1801 2534 1922 2597 quia
1958 2533 2233 2595 plurimum
2271 2533 2323 2579 iu
2348 2530 2709 2594 pru-cipiendo

1644 2608 1786 2658 valet
1830 2609 1980 2670 ratio,
2026 2623 2144 2672 quat
2188 2608 2480 2658 doctissimo
2517 2608 2709 2671 cuique

1645 2685 1940 2747 planissima
1961 2685 2075 2733 est!

1708 2759 1957 2810 Inferius:
2011 2763 2027 2788 ‘
2052 2762 2129 2810 Ea
2167 2774 2319 2810 causa
2358 2761 2439 2810 vel
2476 2760 2709 2811 maxima

1644 2844 1742 2898 est,
1760 2850 1854 2885 cur
1872 2836 2071 2900 optimo
2094 2837 2282 2898 cuique
2304 2836 2619 2899 praeceptori
2640 2837 2713 2886 sit

1646 2914 1925 2965 tradendus
1949 2928 2097 2978 puer,
2119 2913 2253 2977 quod
2290 2912 2426 2976 apud
2462 2928 2581 2963 eum
2602 2913 2709 2963 dis·

1644 2990 1804 3053 cipuli
1825 3004 2027 3054 quoque
2050 2989 2232 3038 melius
2253 2989 2492 3048 instituti,
2516 2998 2609 3037 aut
2636 2989 2713 3038 di-

1647 3072 1787 3127 cent,
1808 3066 1947 3130 quod
1970 3065 2151 3113 inutile
2174 3077 2273 3113 non
2296 3066 2364 3112 sit
2384 3064 2598 3125 imitari,
2618 3069 2710 3113 aut

1646 3143 1691 3191 si
1728 3142 1851 3206 quid
1888 3141 2197 3200 erraverint,
2235 3141 2407 3190 statim
2443 3141 2709 3203 corrigen-

1648 3222 1761 3266 tnrz
1795 3222 1851 3264 at
1882 3216 2123 3265 indoctus
2159 3216 2247 3265 ille
2278 3216 2432 3264 etiam
2466 3215 2711 3277 probabit

1645 3289 1867 3340 fortasse
1890 3291 2092 3351 vitiosa,
2130 3296 2187 3339 et
2223 3291 2428 3349 placere
2449 3290 2711 3340 audienti·

1650 3368 1741 3416 bns
1760 3366 1960 3429 judicio
1982 3380 2073 3416 suo
2108 3373 2279 3430 coget.
2343 3366 2425 3414 Sit
2447 3379 2573 3429 ergo
2594 3372 2710 3415 tam

1646 3442 1938 3508 eloquentia
1959 3456 2112 3507 quam
2140 3441 2364 3491 moribus
2390 3442 2711 3503 praestantis·

1646 3520 1820 3578 simus,
1842 3519 1928 3582 qui
1952 3518 2019 3567 ad
2043 3518 2301 3567 Phoenicis
2326 3518 2592 3567 Homerici
2616 3531 2710 3566 ex-

1646 3594 1870 3658 emplum
1892 3592 2064 3642 dicere
2089 3608 2150 3643 ac
2172 3592 2348 3643 facere
2371 3592 2592 3643 doceat!
2637 3595 2710 3643 Et

1648 3683 1750 3720 xn.
1791 3675 1872 3718 11.
1918 3672 1934 3698 ‘
1962 3669 2387 3733 Frequentabunt
2424 3684 2551 3718 vero
2592 3669 2710 3733 ejus

1647 3747 1849 3796 domum
1867 3746 2050 3809 optimi
2055 3747 2278 3810 juvenes
2291 3761 2433 3795 more
2451 3753 2711 3810 veterum,

1648 3828 1703 3873 ct
1722 3836 1897 3872 veram
1934 3822 2138 3870 dicendi
2174 3822 2306 3870 viam
2341 3822 2484 3871 velut
2506 3836 2574 3871 ex
2591 3809 2711 3871 ora·

1647 3900 1763 3947 culo
1789 3905 1986 3961 petent.
2034 3896 2146 3946 Hos
2166 3898 2252 3946 ille
2274 3896 2538 3958 formabit,
2556 3897 2707 3961 quasi

1647 3976 1958 4039 eloquentiae
1978 3984 2253 4036 parens‚et
2274 3981 2332 4022 ut
2356 3983 2500 4023 vetus
2523 3974 2710 4037 gaben-

1647 4058 1817 4112 nator,
1838 4052 2010 4100 littora
2045 4057 2102 4099 et
2140 4057 2319 4114 portus
2342 4057 2396 4098 et
2417 4064 2533 4113 quae
2571 4057 2709 4099 tem·

1650 4132 1906 4190 peatatum
1943 4127 2109 4190 signa,
2142 4125 2267 4191 quid
2299 4124 2538 4175 secundis
2566 4122 2711 4175 flati-

1651 4201 1763 4266 bus,
1776 4201 1901 4269 quid
1922 4201 2173 4266 adversis,
2187 4203 2313 4253 ratis
2333 4206 2534 4267 poscat,
2553 4200 2711 4253 doce·
