3000 4859
518 409 699 478 3266

1218 425 1283 474 Ο.
1330 422 1693 473 ooRNBml
1754 423 2016 474 'tactu

520 565 693 635 rumh
720 572 1176 653 aspen-nanim,
1224 575 1342 636 aut
1383 587 1713 653 responsa
1758 563 2130 652 negligunt.¹
2212 565 2552 650 Vidimus,
2599 567 2729 635 sub

516 795 1703 862 llnserduoeqaipphnavemn,eepraeseian;
1733 798 1923 845 necant
1954 797 2176 859 spernant
2208 807 2368 844 emas
2399 791 2725 857 consiliemus

1509 999 1725 1053 NOTAE

514 1148 724 1213 Quippe
768 1147 970 1198 nonid
1010 1146 1235 1198 siluisset
1280 1144 1580 1209 Suetonius,

517 1230 609 1274 aut
628 1223 857 1285 Tacitus,
878 1223 965 1287 qni
987 1220 1123 1272 infra
1144 1235 1248 1272 non
1271 1221 1434 1286 siluit,
1459 1235 1580 1272 eum

514 1297 652 1349 sama
701 1297 933 1363 Virginis
976 1297 1286 1348 innotuisset
1343 1303 1578 1363 tempore

412 1433 419 1440 ,
514 1373 641 1425 belli
664 1373 800 1439 quod
823 1372 1005 1424 Civilis
1024 1374 1255 1425 Batavus
1280 1374 1459 1434 movit.

580 1451 771 1516 Neque
806 1455 949 1499 certe
985 1449 1169 1501 debuit
1207 1449 1350 1500 sileri
1389 1465 1575 1501 nomen

512 1526 732 1578 Aurinia
769 1523 820 1574 in
859 1538 919 1574 re
958 1525 1090 1574 tanti
1121 1526 1389 1587 momenti,
1409 1526 1576 1590 qualis

513 1601 615 1654 fuit
650 1600 922 1652 translatio
955 1599 1161 1663 imperii
1192 1599 1258 1649 ed
1289 1600 1576 1664 Vitellium,

513 1691 630 1742 quae
652 1682 711 1726 et
727 1672 872 1724 facta
904 1675 957 1723 in
990 1673 1101 1739 ipsa
1136 1674 1420 1724 Germania
1442 1672 1573 1724 iufe-

504 1753 663 1813 riori3
718 1749 855 1801 unde
907 1763 1071 1814 prope
1113 1748 1296 1799 aberat
1346 1748 1576 1815 foemina,

510 1840 852 1893 quoecumque
872 1825 963 1874 illa
984 1823 1161 1875 fuerit.

573 1902 747 1966 Adde,
760 1902 899 1967 quod
920 1901 1139 1950 Aurinia
1155 1901 1245 1950 illa
1266 1902 1416 1951 simul
1441 1917 1571 1966 prae·

509 1978 728 2029 dixisset
746 1983 803 2027 et
830 1977 1100 2040 imperium
1123 1976 1341 2039 Vitellii,
1363 1984 1421 2028 et
1441 1993 1570 2042 opes

506 2069 572 2105 ae
604 2053 873 2105 victoriam
913 2052 1285 2103 Germanorum
1321 2052 1567 2104 adversus

498 2129 738 2194 legiones
762 2128 1012 2177 Romanas
1036 2126 1131 2178 sub
1174 2127 1327 2178 Civili
1347 2129 1567 2179 Batavo.

502 2204 612 2256 Sed
634 2203 905 2270 praedictio
921 2204 1035 2254 haec
1054 2201 1197 2253 l'acta
1206 2204 1419 2254 Vitellio
1436 2205 1566 2255 levis

506 2281 772 2345 momenti,
792 2287 848 2330 et
868 2278 1009 2330 forte
1023 2294 1157 2330 vana
1172 2287 1228 2330 et
1247 2278 1395 2346 falsa,
1409 2295 1565 2347 quam

498 2365 562 2410 ‚et
584 2356 709 2407 ideo
726 2355 955 2418 neglexit
973 2355 1195 2405 Tacitus.

568 2432 642 2483 Et
663 2436 790 2482 nota
811 2430 968 2481 verba
990 2430 1191 2480 Taciti:
1226 2431 1242 2459 ‘
1268 2430 1389 2481 olim
1414 2431 1564 2483 Auri-

504 2505 1012 2559 niam....venerati
1050 2506 1202 2556 sunt!
1278 2506 1416 2569 Ergo
1455 2521 1561 2557 non

500 2583 677 2635 floruit
697 2595 761 2632 ea
784 2588 1017 2646 tempore
1046 2581 1278 2632 Vitellii:
1314 2595 1432 2631 nam
1468 2596 1562 2647 po·

500 2659 604 2708 tius
635 2657 801 2707 Velede
818 2655 977 2719 foret,
999 2670 1114 2722 qna
1141 2662 1246 2706 tum
1271 2656 1376 2705 late
1398 2656 1556 2720 impe·

499 2732 696 2784 ritabat
713 2730 851 2783 fama
866 2732 1174 2782 sanctitatis.
1239 2732 1356 2782 Nec
1376 2731 1558 2798 refert,

505 2805 702 2859 Ceam
736 2806 901 2872 ipsam
933 2807 1106 2858 vocari
1143 2807 1407 2873 Suetonio,
1440 2823 1557 2874 quae

497 2882 687 2933 Tacito
722 2883 963 2934 Bructero:
995 2889 1105 2936 est:
1141 2897 1262 2933 nam
1300 2883 1375 2934 sic
1414 2898 1556 2949 saepe

497 2958 810 3011 dissentiunt
839 2965 1073 3010 auctores
1095 2960 1149 3011 in
1167 2960 1557 3012 circumstantia

497 3035 601 3087 loci
623 3041 680 3087 et
701 3050 958 3100 personae.

561 3112 585 3146 ¹²
625 3112 729 3161 Nee
757 3116 844 3162 aar
879 3112 1072 3161 coasilia
1112 3113 1296 3176 eurum]
1350 3113 1552 3164 Plutar-

494 3188 586 3240 lib.
610 3186 677 3236 de
698 3187 977 3238 Mulierum
1000 3188 1293 3239 virtutibus.
1325 3190 1342 3217 ‘
1365 3190 1554 3253 Celtae,

497 3267 773 3326 antequam
811 3261 973 3325 Alpes
1014 3265 1319 3328 transgressi
1380 3264 1552 3316 Italiae

494 3349 609 3388 eam
646 3336 946 3387 obtinerent
981 3345 1185 3402 partem
1234 3354 1387 3405 quam
1416 3353 1552 3391 nuuc

488 3411 747 3474 incolunt,
781 3427 813 3462 e
847 3414 990 3476 gravi
1027 3421 1083 3464 et
1117 3413 1429 3479 implacabili
1451 3416 1552 3466 dis-

494 3488 674 3539 cordia
714 3488 767 3537 in
806 3488 997 3540 bellum
1047 3491 1338 3543 inciderant
1381 3492 1549 3545 civile.

492 3562 749 3614 Mulieres
788 3571 961 3614 autem
1014 3565 1152 3615 inter
1194 3566 1364 3617 media
1405 3582 1550 3618 arma

488 3650 796 3702 progressa,
810 3638 1028 3703 coguitis
1041 3643 1426 3705 controversiis,
1442 3649 1548 3694 tam

488 3712 679 3762 dextre
716 3728 806 3763 eas
843 3722 900 3765 et
931 3715 1195 3781 inculpate
1232 3717 1548 3783 dijudicave-

488 3794 629 3854 runt,
647 3795 708 3840 ut
739 3790 1074 3856 admirabilis,
1107 3808 1281 3844 earum
1313 3810 1378 3845 ex
1414 3796 1549 3846 arbi·

489 3863 614 3928 trio,
638 3865 865 3916 amicitia
900 3868 1124 3919 omnium
1161 3886 1277 3921 cnm
1313 3873 1546 3923 omnibus

485 3955 584 4007 per
606 3941 758 3992 urbes
775 3942 1101 4010 singulasque
1120 3946 1337 3997 familias
1356 3949 1546 3999 extite-

488 4017 573 4068 rit.
637 4019 826 4084 Itaque
847 4020 899 4069 in
923 4028 1186 4083 posterum
1202 4037 1233 4071 a
1249 4023 1411 4072 Celtis
1430 4039 1542 4074 mos

486 4100 740 4157 servatus,
758 4101 816 4144 nt
836 4094 1293 4145 consultationibus
1313 4095 1379 4145 de
1403 4096 1543 4147 bello

486 4172 546 4222 et
564 4179 696 4229 pace
722 4169 962 4220 mulieres
1001 4183 1119 4222 suas
1141 4170 1463 4234 adhiberent,
1485 4178 1542 4221 et

484 4242 608 4298 lites
641 4257 757 4295 cum
795 4244 946 4298 sociis
979 4251 1124 4297 ortas
1170 4260 1346 4297 earum
1378 4261 1542 4313 opera

1660 1145 2032 1210 disceptarent.
2098 1144 2275 1197 Quare
2324 1143 2376 1192 iu
2421 1155 2514 1193 suo
2563 1140 2726 1192 etiam

1657 1219 1870 1283 foedere,
1890 1219 2030 1284 quod
2053 1234 2170 1269 cum
2193 1218 2455 1270 Annibale
2476 1218 2726 1283 inierunt,

1657 1295 1991 1360 scripserunt,
2028 1295 2072 1344 si
2109 1295 2275 1344 Celtae
2310 1293 2580 1356 baberent,
2616 1307 2723 1359 quo

1657 1371 1861 1422 nomine
1906 1370 2334 1434 Carthaginenses
2393 1376 2725 1436 accusarent,

1649 1447 1905 1511 judicium
1949 1445 2063 1498 l'ore
2102 1445 2581 1511 cartilaginensium
2626 1446 2723 1497 du·

1654 1535 1770 1571 cum
1803 1536 1863 1572 ac
1896 1519 2263 1585 proet‘ectorum
2283 1521 2336 1570 in
2364 1520 2652 1584 Hispania;
2676 1521 2721 1572 si

1656 1611 1780 1646 vero
1821 1596 2250 1661 Carthaginenses
2290 1595 2480 1661 aliquid
2520 1595 2720 1660 objice·

1655 1678 1790 1735 rent,
1811 1687 1978 1722 causae
1998 1673 2343 1737 cognitionem
2365 1671 2593 1723 futuram
2625 1689 2717 1739 pe·

1654 1762 1746 1798 nes
1764 1749 2026 1800 Celtarum
2048 1747 2327 1798 mulieres!

1720 1823 1926 1874 annius
1945 1821 2130 1884 earnm]
2167 1820 2479 1873 Aristoteles
2499 1823 2714 1877 politic.

1650 1899 1877 1949 secundo
1917 1896 2055 1948 libro
2096 1898 2170 1949 sic
2209 1897 2398 1950 babet:
2449 1901 2466 1928 ‘
2483 1900 2556 1952 Et
2588 1902 2717 1968 qnid

1625 1973 1844 2026 „referre
1877 1981 2138 2039 putamus,
2173 1975 2485 2026 mulieresne
2519 1979 2710 2043 magis-

1648 2054 1815 2099 tratus
1836 2055 2039 2113 gerant,
2073 2063 2139 2098 an
2172 2050 2506 2114 magistratus
2529 2065 2713 2116 geren-

1647 2131 1729 2175 tes
1749 2124 2049 2175 mnlieribus
2075 2133 2293 2189 pareant
2307 2125 2342 2175 ?'
2404 2127 2555 2182 Idem
2573 2132 2712 2183 enim

1647 2201 1924 2266 utrobique
1940 2201 2150 2251 accidit.
2214 2201 2445 2268 Ideoque
2462 2204 2710 2257 Laceda-

1645 2276 1928 2348 moniornm
1949 2275 2177 2341 politiam
2186 2276 2576 2343 improbandam
2593 2293 2710 2331 esse

1645 2352 1883 2414 tradidit,
1906 2345 2042 2417 quod
2066 2366 2251 2417 magna
2269 2368 2335 2404 ex
2356 2362 2505 2418 parte
2526 2356 2709 2408 mulie-

1643 2428 1724 2479 bri
1759 2428 1977 2493 imperio
2015 2436 2301 2493 tegeretur.
2365 2430 2513 2482 Idem
2546 2433 2709 2485 etiam

1642 2503 1827 2553 multas
1850 2509 2032 2567 gentes
2056 2503 2374 2564 bellatrices,
2394 2510 2452 2555 et
2471 2505 2708 2559 militari·

1642 2585 1723 2628 ter
1735 2579 1898 2628 vitam
1916 2578 2268 2644 traducentes,
2288 2581 2427 2630 ultra
2437 2582 2636 2647 Celtas,
2651 2584 2706 2634 in

1637 2652 1995 2719 γυναικοκρατίᾳ
2032 2655 2206 2706 vivere
2247 2655 2428 2706 tradit.
2494 2657 2706 2725 Itaque,

1635 2730 1824 2797 iuquit,
1843 2729 2028 2781 scitum
2052 2729 2179 2779 illud
2202 2728 2607 2784 fabulamentum
2625 2734 2704 2786 vi-

1637 2808 1790 2859 detur
1810 2808 1944 2873 ejus,
1967 2806 2054 2873 qni
2086 2807 2314 2858 Martem
2351 2824 2470 2860 cum
2492 2809 2701 2863 Venere

1633 2886 1940 2951 illaqueasse
1959 2886 2166 2949 primus
2208 2885 2420 2938 dicitnr.
2503 2888 2703 2954 Hujus-

1635 2963 1776 3013 modi
1809 2962 1943 3013 euim
1983 2962 2080 3012 viri
2116 2961 2169 3011 in
2204 2975 2446 3013 venerem
2473 2965 2699 3016 maxime

1636 3038 1804 3102 proni,
1823 3037 2061 3088 muliebri
2083 3037 2303 3102 imperio
2323 3038 2433 3104 regi
2454 3038 2567 3091 fere
2587 3041 2700 3092 nati

1635 3119 1771 3166 sunt.
1837 3113 2046 3163 Badaeus
2066 3113 2120 3162 in
2141 3114 2399 3166 Pandect.

1698 3188 1712 3222 ¹
1742 3190 1845 3239 Ant
1859 3204 2079 3253 response
2092 3190 2366 3255 negligant]
2399 3192 2540 3242 Mela
2557 3192 2698 3246 lan·

1631 3280 1682 3316 c.
1714 3269 1766 3315 6.
1812 3263 1900 3314 ubi
1945 3264 2011 3313 de
2056 3265 2244 3315 insulis
2290 3268 2694 3331 septentrionisz

1631 3340 1649 3369 ⁴
1671 3341 1806 3390 Sena
1827 3340 1880 3390 iu
1902 3340 2204 3391 Britannico
2239 3342 2386 3405 mari,
2421 3344 2695 3397 Osismicls

1629 3416 1850 3466 adversa
1900 3417 2182 3481 littoribus,
2224 3417 2420 3469 Gallici
2469 3421 2693 3472 numinis

1629 3492 1838 3542 oraculo
1864 3491 2080 3557 insignis
2102 3499 2201 3555 est,
2241 3494 2390 3557 eujus
2426 3496 2693 3549 antistites

1629 3574 1887 3631 perpetua
1907 3566 2207 3633 virginitate
2235 3567 2455 3634 bauctae,
2475 3586 2692 3626 numere

1626 3656 1814 3692 novem
1855 3657 1972 3693 esse
2014 3644 2306 3695 traduntur.
2388 3646 2693 3700 Gallicenas

1627 3725 1836 3781 vocant,
1858 3726 2147 3784 putantque
2169 3721 2390 3785 ingeniis
2424 3723 2695 3789 dugulari-

1627 3793 1723 3843 bns
1745 3794 2022 3858 preditam
2052 3796 2231 3858 maria,
2262 3811 2324 3847 ac
2359 3805 2543 3850 ventos
2564 3815 2691 3852 eon·

1626 3869 1791 3920 citare
1822 3870 2152 3931 carminibus,
2187 3887 2347 3937 seque
2379 3876 2433 3923 in
2463 3891 2578 3941 qum
2601 3892 2689 3928 ve-

1623 3944 1722 3995 lint
1760 3946 2000 3997 animalia
2043 3953 2279 4006 vertere3
2335 3963 2515 4000 sanare
2564 3968 2684 4018 quae

1624 4020 1762 4083 apud
1781 4021 1911 4072 alios
1926 4021 2232 4071 insanabilia
2254 4029 2396 4084 sunt,
2410 4025 2543 4076 seire
2563 4040 2687 4078 ven·

1623 4102 1759 4161 tura,
1781 4105 1836 4147 et
1855 4097 2159 4162 predicere,
2179 4099 2271 4148 sed
2293 4113 2396 4150 non
2417 4101 2515 4152 nisi
2534 4103 2706 4155 dedi··

1625 4179 1679 4221 ta
1709 4173 2091 4236 navigantibus,
2123 4180 2179 4224 et
2213 4175 2266 4223 in
2300 4174 2356 4225 id
2379 4183 2599 4245 tantum,
2617 4187 2682 4233 nt

1619 4262 1677 4300 se
1695 4249 2044 4318 consulerent,
2061 4248 2348 4316 profectis-⁹
