3000 4859
1160 392 1675 451 nnnvrAmuu.
2270 404 2277 419 ‘
2334 378 2517 451 aem

315 530 598 607 forensis
623 541 815 607 labor
843 541 1184 621 concedat,
1214 543 1394 626 quod
1420 543 1602 608 aurei
1630 543 1861 608 saeculi
1888 544 2202 629 exemplo
2231 548 2515 611 constet.

245 692 250 697 .
315 640 746 726 Voluptatem
789 661 988 727 porro
1039 645 1376 727 puriorem
1423 643 1650 708 afferre
1696 664 2033 709 secessum
2062 646 2133 709 in
2155 664 2420 710 nemora
2446 650 2515 711 et

315 743 530 821 luco&
595 764 798 829 quarn
856 746 1348 825 sanguinantem
1403 745 1873 828 eloquentiam.
1960 746 2219 811 Dulces
2275 746 2521 813 Musas

311 864 630 911 revocare
657 865 818 910 suos
846 846 1130 910 cultores
1158 865 1202 910 a
1226 847 1770 911 solicitudinibus
1794 853 1860 911 et
1888 849 2089 911 curis-

400 945 514 1016 14.
556 949 954 1034 Supervenit
980 949 1351 1033 Vipstanus
1379 947 1700 1014 Messala.
1791 947 1889 1027 Is,
1936 951 2357 1033 antiquorum
2393 951 2515 1014 ad-

313 1049 614 1128 mirator,
657 1049 916 1134 Aprum
945 1069 989 1114 a
1012 1069 1331 1116 novorum
1359 1051 1684 1115 rhetorum
1722 1070 1909 1115 more
1949 1049 2037 1117 ad
2075 1047 2361 1116 veterem
2382 1049 2515 1121 sore

313 1170 494 1219 mam
523 1152 771 1219 trahere
800 1152 1052 1219 nititur.
1137 1152 1410 1220 15—18.
1450 1148 1636 1235 Aper
1658 1172 2032 1236 repugnans
2046 1158 2276 1218 movet
2295 1172 2517 1236 quaes-

312 1253 586 1332 tionem,
629 1255 892 1338 quinam
922 1258 1216 1318 oratores
1260 1250 1544 1319 vocandi
1589 1255 1722 1319 sint
1768 1255 2041 1338 antiqui.
2130 1253 2284 1319 Hos
2311 1275 2515 1321 vene-

312 1360 535 1420 rantur
591 1354 914 1434 Messala,
969 1355 1340 1432 Secundus,
1398 1354 1769 1421 Maternus.
1858 1354 2046 1440 Aper
2112 1356 2347 1420 saeculi
2403 1358 2515 1424 sui

313 1464 542 1541 partes
574 1461 811 1533 tuetur,
829 1476 950 1522 nec
978 1461 1235 1520 veteres
1260 1475 1409 1520 esse
1431 1456 1751 1522 dicendos
1769 1450 2050 1543 judicat,
2079 1456 2252 1541 quos
2281 1477 2513 1523 eorun-

312 1558 462 1625 dem
517 1559 866 1625 hominum
909 1577 1095 1622 aures
1146 1577 1505 1639 agnoscere
1555 1561 1907 1643 potuerint.
1999 1559 2395 1627 Ciceronem
2442 1568 2513 1628 et

314 1658 718 1737 coaetaneoS,
761 1661 893 1724 fere
938 1659 1009 1723 in
1052 1658 1274 1724 medio
1318 1660 1603 1743 positos»,
1652 1661 1741 1725 ab
1782 1662 2201 1746 antiquorum
2228 1663 2511 1728 asseclis

311 1763 466 1828 istis
494 1762 850 1827 accenseri.
939 1761 1021 1826 In
1049 1762 1158 1839 iis,
1200 1762 1318 1844 qui
1357 1767 1676 1826 vocentur
1716 1764 1989 1846 antiqui,
2031 1763 2254 1848 plures
2283 1763 2515 1849 depre-

310 1865 510 1931 hendi
537 1865 824 1948 species,
863 1882 984 1928 nec
1025 1882 1230 1927 unum
1267 1881 1423 1926 esse
1465 1863 1862 1947 eloquentiae
1893 1864 2171 1930 vultum.
2264 1863 2513 1950 Malig-

310 1964 514 2030 nitate
560 1965 845 2029 humana
884 1969 1112 2028 vetera
1152 1964 1222 2027 in
1259 1963 1481 2041 laude,
1522 1965 1885 2047 praesentia
1930 1967 1999 2030 in
2037 1965 2309 2031 fastidio
2337 1985 2515 2035 esse.

311 2065 422 2133 19.
466 2064 778 2132 Cassium
804 2065 1143 2144 Severum,
1191 2082 1389 2150 quem
1428 2066 1773 2133 terminum
1816 2069 2225 2152 antiquitatis
2266 2068 2511 2133 consti-

311 2175 518 2247 tuant,
559 2189 604 2233 a
627 2173 848 2259 vetere
875 2169 1146 2233 flexisse
1176 2169 1292 2234 via
1317 2187 1454 2232 non
1474 2168 1767 2246 inscitia,
1810 2169 1929 2232 sed
1947 2169 2208 2253 judicio
2236 2169 2517 2246 etintel·

309 2270 530 2352 lectu3
577 2291 727 2337 cum
758 2270 1133 2335 conditione
1169 2276 1541 2354 temporum
1571 2291 1655 2336 ac
1684 2271 2065 2336 diversitate
2094 2271 2350 2336 aurium
2376 2272 2513 2337 for-

309 2392 490 2439 mam
508 2392 769 2459 quoque
786 2372 1104 2439 orationis
1124 2371 1330 2435 fuisse
1346 2372 1761 2436 mutandam.
1803 2373 1913 2438 20.
1936 2372 2163 2437 Variis
2180 2373 2513 2437 scatuisse

311 2483 595 2540 veterem
615 2475 1059 2560 eloquentiam
1077 2474 1290 2538 vitiis.
1333 2470 1732 2537 Auditorum
1755 2493 2068 2538 coronam
2091 2474 2352 2556 exigere
2362 2474 2511 2559 jam

309 2577 631 2643 laetiorem
674 2583 742 2641 et
781 2576 1223 2661 pulchriorem
1273 2574 1643 2641 orationem
1687 2579 1754 2639 et
1797 2574 2135 2659 poeticum
2181 2574 2507 2639 decorem.

310 2679 424 2744 21.
445 2679 554 2744 22.
601 2678 952 2762 Dijudicat
979 2680 1131 2744 dein
1160 2676 1348 2762 Aper
1374 2675 1596 2755 Calvi,
1644 2675 1869 2754 Coelii,
1921 2675 2239 2754 CaesariS,
2294 2677 2506 2754 Bruti,

311 2779 852 2866 Asinii,{Corvini
883 2782 1214 2846 orationes
1243 2786 1312 2843 et
1339 2779 1657 2856 carmina,
1687 2784 1762 2842 et
1780 2780 2117 2862 praecipue
2142 2776 2511 2855 Ciceronis,

312 2883 505 2966 cujus
531 2882 763 2946 laudes
793 2884 976 2946 canit
1016 2886 1084 2944 et
1125 2881 1292 2944 vitia
1334 2879 1769 2962 reprehendit,
1818 2899 1970 2961 quae
2000 2878 2149 2941 sola
2178 2878 2513 2959 perversis

309 2984 749 3049 imitatoribus
793 2983 1124 3066 placeant.
1208 2979 1318 3044 23.
1360 2979 1614 3043 Veram
1656 2996 1804 3042 esse
1846 2977 2241 3060 eloquentiae
2279 2983 2513 3056 artem,

309 3087 736 3171 antiquorum
762 3085 1110 3165 laetissima
1148 3100 1434 3166 quaeque
1476 3080 1727 3146 imitari
1771 3085 1840 3144 et
1880 3098 1923 3143 a
1958 3078 2334 3143 recentibus
2362 3078 2509 3142 feli-

312 3188 476 3254 citer
501 3194 762 3272 reperta
789 3188 1087 3253 miscere.

394 3290 504 3354 24.
532 3288 576 3354 J
581 3308 690 3353 am
709 3288 1055 3353 Maternus
1070 3287 1371 3352 hortatur
1390 3285 1785 3364 Messalam,
1801 3292 1897 3363 ut,
1915 3285 2124 3348 missa
2138 3281 2513 3348 laudatIone

312 3393 753 3475 antiquorum,
785 3390 903 3472 qui
931 3389 1047 3453 illa
1075 3408 1207 3453 non
1237 3387 1596 3469 indigeant,
1621 3405 1862 3451 causas
1888 3388 2267 3470 expromat,
2290 3402 2411 3447 cur
2439 3384 2511 3446 in

286 3498 564 3559 *tantum
595 3494 682 3557 ab
706 3511 929 3556 eorum
957 3475 1344 3573 eloquentia
1376 3490 1722 3553 recesserit
1765 3489 2094 3552 recentior
2122 3491 2310 3550 aetas.
2398 3485 2510 3549 25.

309 3593 614 3661 Messala
641 3599 890 3672 monet,
932 3594 1200 3677 quinam
1248 3593 1502 3674 antiqui
1553 3587 1856 3667 dicendi;
1901 3588 2129 3672 plures
2168 3586 2382 3650 fuisse
2411 3584 2513 3648 di-

308 3696 501 3763 cendi
548 3697 799 3765 formas
852 3696 1090 3761 iisdem
1136 3695 1446 3772 saeculis3
1504 3691 1717 3768 docet,
1763 3690 1926 3772 quid
1969 3688 2382 3753 sentiendum
2426 3685 2511 3750 de

308 3798 686 3884 eloquentia
711 3797 908 3862 Calvi
937 3803 1003 3862 et
1031 3804 1420 3875 ceterorum,
1462 3794 1544 3856 de
1588 3794 1833 3877 quibus
1872 3810 2034 3854 mox
2061 3791 2349 3868 dictum3
2393 3786 2513 3851 ad-

309 3900 432 3980 dit,
455 3900 634 3984 quod
663 3920 736 3964 se
764 3899 1192 3964 obtrectarint
1217 3897 1528 3971 invicem,
1553 3895 1785 3959 vitium
1812 3914 1959 3958 esse
1988 3912 2116 3956 non
2150 3896 2513 3968 oratorum,

309 4002 428 4066 sed
455 4002 814 4066 hominum.
900 4001 1007 4064 26.
1052 3998 1134 4063 C.
1166 3998 1461 4063 Gracchi
1493 3999 1812 4080 impetum
1843 4004 1909 4059 et
1937 3994 1997 4056 L
2041 3992 2268 4055 Crassi
2296 3990 2511 4054 matu·-

309 4100 1075 4186 ritateuupraeferendam
1115 4117 1263 4162 esse
1307 4098 1706 4162 calamistris
1741 4093 2145 4160 Maecenatis
2175 4097 2291 4154 aut
2319 4088 2515 4153 tinni-

312 4204 490 4270 tibus
506 4203 862 4270 Gallionis.
952 4200 1265 4265 Cassium
1289 4200 1608 4265 Severum
1636 4217 1867 4283 pamm
1887 4194 2127 4258 habere
2145 4189 2513 4274 sanguiniS,

277 4309 381 4393 ,ot
405 4306 625 4373 rixare
651 4303 892 4388 magiS,
921 4322 1124 4389 quam
1150 4321 1466 4390 pugnare,
1493 4320 1622 4368 nec
1652 4297 1955 4367 attulisse
1983 4294 2269 4382 Aprum,
2312 4312 2511 4377 quem
