3000 4859
1145 373 1547 426 DKALOGUU.

1232 605 1449 659 NOTAE

305 721 392 773 Sic
412 725 590 774 antem
611 720 798 774 scribit
812 720 1005 772 Fabius
1039 720 1106 772 de
1139 720 1299 785 philo·

241 798 416 862 sophis
452 798 749 861 Socraticis,
774 798 841 847 de
864 799 1105 859 Platone,
1127 799 1302 848 Xeno·

241 875 456 939 phonte,
476 881 530 924 et
587 875 651 924 de
699 874 918 924 Stoicis:
953 875 1027 924 sic
1079 890 1204 938 ergo
1236 875 1302 923 de

239 949 476 1001 Platone‘
499 952 534 1001 l.
557 964 613 1000 x.
640 955 687 1000 1.
719 951 735 977 ‘
763 950 1205 1015 Philosophorum,
1237 965 1302 999 ex

239 1027 426 1091 quibus
449 1029 723 1091 plurimum
746 1042 801 1077 ae
822 1027 1041 1076 traxisse
1061 1027 1302 1090 eloquen-

240 1101 329 1150 tiae
353 1102 433 1150 M.
455 1101 658 1149 Tullius
678 1101 981 1162 confitetur,
1018 1102 1131 1164 quis
1156 1099 1302 1149 dubi·

239 1183 322 1228 tet
358 1177 631 1226 Platonem
671 1192 784 1227 esse
821 1179 1157 1241 praecipiium‚
1191 1177 1300 1226 sive

239 1252 477 1302 acumine
529 1252 826 1312 disserendi,
880 1254 985 1301 sive
1031 1250 1302 1314 eloquendi

239 1325 490 1376 facultate
524 1327 694 1378 divina
729 1328 946 1392 quadam
982 1334 1037 1376 et
1066 1325 1302 1376 Homeri-

241 1417 304 1451 ca
324 1403 343 1450 ?
367 1403 584 1450 multum
610 1402 742 1451 enim
773 1417 931 1465 snpra
963 1416 1165 1464 prosam
1190 1414 1301 1448 ora-

241 1476 454 1540 tionem,
496 1486 552 1526 et
595 1492 750 1541 quam
792 1477 1085 1540 pedestrem
1126 1475 1302 1524 Graeci

240 1559 449 1612 vocant,
469 1551 667 1614 surgit:
706 1559 762 1601 ut
795 1553 915 1600 mihi
956 1565 1054 1599 non
1091 1548 1303 1597 hominis

242 1628 464 1691 ingenio,
496 1628 584 1676 sed
613 1628 830 1692 quodam
852 1628 1107 1690 Delphico
1133 1625 1301 1673 videa·

244 1711 331 1752 tur
381 1705 588 1752 oraculo
654 1701 961 1752 instinctus!
1062 1701 1296 1750 Ibidem:

237 1781 255 1807 ‘
281 1780 420 1832 Quid
452 1794 550 1843 ego
579 1793 969 1827 commemorem
990 1777 1302 1840 Xenophon-

241 1856 307 1904 tis
334 1856 719 1918 jucunditatem
762 1855 899 1903 illam
932 1852 1304 1913 inaffectatum,

242 1931 331 1981 sed
359 1946 507 1995 qnam
535 1933 672 1979 nulla
709 1931 873 1995 possit
896 1929 1159 1978 affectatio
1183 1943 1302 1976 con-

243 2007 385 2071 sequi
408 2023 420 2055 :
471 2014 530 2055 ut
586 2008 712 2070 ipsae
758 2005 965 2053 finxisse
1019 2017 1302 2051 sermonem

245 2082 440 2133 Gratia:
470 2082 739 2131 videantur
764 2098 777 2130 ε
816 2088 868 2128 et
891 2080 1027 2145 quod
1067 2080 1132 2127 de
1159 2080 1302 2127 Peri-

242 2160 322 2207 cle
341 2159 527 2207 veteris
552 2158 816 2207 comoediae
836 2155 1182 2205 testimonium
1206 2162 1302 2216 est,

240 2233 295 2282 in
329 2234 460 2282 hune
502 2230 768 2280 transferri
800 2231 1090 2295 justissime
1126 2229 1304 2292 possit,

239 2308 295 2359 in
334 2308 494 2357 labris
528 2309 639 2370 ejus
679 2305 875 2354 sedisse
898 2305 1156 2370 quandam
1191 2318 1304 2368 per-

243 2382 494 2433 suadendi
521 2381 724 2431 Deam?

307 2458 457 2507 Idem
495 2459 528 2507 l.
553 2470 607 2507 x.
634 2462 676 2505 1.
708 2457 723 2483 ‘
744 2456 826 2505 De
852 2455 1030 2520 justis,
1058 2454 1304 2518 honestis,

244 2533 478 2594 utilibus,
500 2547 717 2597 quaeque
756 2539 876 2581 sunt
913 2531 989 2579 his
1029 2532 1306 2592 contraria,

243 2617 300 2658 et
338 2610 404 2658 de
442 2610 593 2658 rebus
628 2607 816 2657 divinis
855 2607 1071 2655 maxime
1108 2607 1306 2669 dicunt,

241 2692 297 2735 et
320 2691 746 2749 argumentantur
768 2685 958 2732 acriter
978 2700 990 2731 ι
1019 2689 1072 2730 et
1092 2683 1307 2730 alterca-

244 2761 470 2809 tionibus
493 2768 649 2825 atque
685 2759 1169 2821 interrogationibus
1195 2767 1304 2806 ora-

242 2845 405 2886 torem
429 2836 659 2886 futurum
682 2837 877 2900 optime
903 2836 1149 2884 Socratici
1178 2851 1304 2896 pra:-

243 2919 450 2976 parant.
505 2913 608 2960 Sed
630 2912 709 2960 his
733 2925 939 2975 qnoque
958 2910 1302 2962 adhibendum

245 2996 327 3037 est
350 2988 806 3052 similejndicium,
847 2997 901 3035 ut
926 2989 1084 3036 etiam
1110 3000 1225 3035 cum
1252 2986 1303 3033 in

244 3067 398 3114 rebus
439 3079 698 3113 versemur
740 3062 938 3122 iisdem,
991 3077 1091 3111 non
1133 3073 1303 3109 tamen

245 3142 463 3192 eandem
521 3157 633 3190 esse
680 3141 1025 3190 conditionem
1083 3141 1303 3188 sciamus

246 3219 414 3268 litium
439 3234 498 3267 ac
523 3218 949 3281 disputationum,
970 3217 1064 3265 fori
1085 3224 1140 3264 et
1164 3215 1304 3263 audi·

247 3295 368 3344 torii
389 3303 763 3357 praeceptorum
790 3303 841 3341 et
871 3290 1248 3355 pericuiorum.'

312 3373 494 3423 Quint.
538 3373 573 3420 Ι.
616 3385 674 3421 x.
712 3375 758 3419 1.
799 3372 814 3396 ‘
839 3371 1014 3418 Minus
1048 3370 1305 3418 indulsere

248 3448 556 3512 eloquentiae
595 3446 754 3496 Stoici
784 3455 1026 3494 veteres:
1062 3445 1154 3495 sed
1187 3462 1304 3508 cum

246 3524 467 3572 honesta
490 3531 778 3583 suaserunt,
802 3531 907 3570 tum
940 3523 992 3571 in
1016 3523 1306 3585 colligendo

248 3596 636 3662 probandoque,
657 3613 772 3662 quae
815 3600 1167 3658 instituerant,
1200 3599 1303 3660 plu·

247 3674 431 3724 rimum
456 3674 759 3721 valuerunt:
798 3673 951 3722 rebus
968 3681 1141 3722 tamen
1166 3673 1308 3722 acuti

247 3752 428 3815 magis,
449 3765 599 3814 quam
623 3750 701 3814 (id
728 3753 859 3812 quod
885 3764 1009 3800 saue
1034 3766 1130 3799 nou
1156 3749 1307 3799 affec-

251 3826 455 3890 tarunt)
505 3827 738 3874 oratione
790 3824 1085 3887 magnifici?
1173 3826 1304 3876 Vide

250 3903 395 3954 Dial.
417 3917 465 3950 e.
487 3906 546 3949 31

313 3977 400 4027 Sic
422 3984 594 4025 nantem
619 3976 777 4025 habet
800 3976 866 4024 de
899 3977 1172 4038 praecipuis
1195 3990 1306 4024 ora-

253 4053 448 4103 toribus
470 4054 693 4110 Graecis,
721 4052 1086 4110 Demosthene,
1118 4052 1305 4099 rEschi·

251 4143 337 4192 ne,
363 4129 653 4192 Hyperide,
677 4129 851 4191 Lysia,
872 4134 970 4176 ace.
995 4128 1031 4176 1.
1055 4140 1107 4175 x.
1130 4131 1201 4175 1.‘
1219 4127 1308 4176 Se·

253 4207 428 4274 quitur
458 4212 720 4257 oratorum
758 4202 938 4267 ingens
961 4216 1159 4266 manus,
1192 4216 1308 4252 eum

1382 721 1565 773 decem
1597 720 1746 772 simul
1769 717 1987 770 Athenis
2021 721 2147 769 retas
2182 732 2288 768 nna
2306 718 2438 770 tule-

1382 799 1486 848 rit:
1523 812 1738 862 quorum
1767 797 1921 858 longe
1958 792 2200 858 princeps
2223 793 2439 846 Demos·

1383 876 1589 935 thena,
1610 890 1670 924 ae
1697 888 1845 937 paene
1869 873 1952 922 lex
1971 870 2149 920 orandi
2165 867 2283 918 fuit.
2304 870 2440 920 Tan-

1382 958 1437 1001 ta
1462 952 1607 1000 visin
1631 964 1711 1010 eo,
1730 959 1829 997 tam
1851 949 2008 997 densa
2030 945 2220 1006 omnia,
2236 945 2311 994 ita
2326 945 2439 1008 qui-

1383 1026 1597 1078 busdam
1620 1025 1791 1074 nervis
1814 1025 2016 1073 intenta
2035 1028 2174 1081 sunt,
2191 1027 2295 1069 tam
2316 1020 2440 1069 nihil

1382 1102 1623 1160 otiosum,
1663 1101 1706 1149 is
1749 1098 1955 1149 dicendi
2001 1097 2200 1158 modus,
2238 1105 2299 1146 ut
2339 1111 2438 1148 nee

1385 1178 1520 1241 quod
1546 1177 1678 1226 desit
1699 1178 1748 1225 in
1774 1191 1855 1236 eo,
1884 1188 1981 1222 nec
2002 1172 2140 1237 qnod
2164 1171 2439 1235 redundet,

1379 1253 1630 1303 invenias.
1676 1253 1889 1301 Plenior
1912 1249 2176 1298 AEsehines
2198 1254 2253 1297 et
2274 1247 2438 1310 magia

1381 1327 1545 1389 fusus,
1568 1337 1622 1377 et
1647 1326 1906 1392 grandiori
1930 1323 2126 1385 similis,
2149 1337 2250 1387 quo
2274 1322 2438 1372 miuus

1381 1405 1592 1454 strictus
1625 1412 1738 1453 est:
1773 1403 1939 1451 earnis
1980 1409 2150 1449 tamen
2192 1401 2307 1463 plus
2351 1399 2440 1448 ha.

1382 1479 1492 1540 bet,
1518 1479 1829 1529 lacertorum
1853 1478 2036 1525 minus.
2072 1476 2258 1525 Dulcis
2282 1476 2440 1539 inpri-

1382 1555 1477 1604 mis
1498 1563 1553 1603 et
1576 1561 1756 1605 acutus
1784 1552 2109 1617 Hyperides:
2146 1552 2236 1601 sed
2277 1552 2438 1600 mino·

1383 1631 1523 1679 ribus
1546 1630 1733 1690 causis,
1759 1636 1818 1677 nt
1854 1642 1954 1676 non
1994 1625 2207 1674 dixerim
2249 1626 2442 1688 utilior,

1382 1706 1544 1768 magis
1593 1704 1722 1768 par.'
1806 1703 1953 1752 Idem
2017 1704 2049 1749 Ι.
2091 1715 2155 1750 ιι.
2201 1704 2280 1749 14.
2311 1703 2327 1729 ‘
2367 1701 2440 1751 Et

1383 1779 1644 1843 Phrynen·
1711 1793 1810 1828 non
1877 1776 2159 1840 Hyperidis
2214 1776 2441 1839 actione,

1383 1870 1673 1919 quanquam
1698 1854 2013 1911 admirabili,
2036 1853 2125 1900 sed
2150 1858 2438 1914 conspectu

1381 1931 1631 1993 corporis,
1645 1930 1780 1995 quod
1800 1930 1888 1977 illa
1902 1927 2333 1990 speciosissimum
2350 1927 2439 1976 ali-

1381 2007 1522 2071 oqui,
1533 2006 1741 2054 diducta
1755 2007 2037 2054 nudaverat
2051 2004 2243 2062 tunica,
2254 2009 2442 2065 putant

1384 2082 1617 2146 periculo
1639 2081 1946 2131 liberatam)
1982 2080 2114 2128 vide
2139 2079 2275 2126 Dial.
2300 2094 2345 2127 e.
2361 2083 2444 2128 12.

1385 2162 1463 2206 15.
1505 2162 1586 2208 25.
1636 2157 1816 2208 Quint.
1859 2158 1891 2204 l.
1927 2168 1982 2204 x.
2023 2159 2069 2203 1.
2104 2157 2119 2182 ‘
2150 2155 2243 2202 His
2279 2160 2439 2203 aetate

1381 2233 1560 2297 Lysias
1583 2233 1768 2296 major,
1791 2231 1992 2281 subtilis
2015 2237 2171 2294 atque
2195 2231 2404 2292 elegans
2424 2245 2442 2290 ;

1383 2317 1439 2358 et
1459 2325 1559 2374 quo
1586 2309 1730 2369 nihil,
1768 2308 1811 2356 si
1835 2307 2028 2356 oratori
2050 2307 2175 2354 satis
2197 2306 2265 2353 sit
2289 2305 2441 2354 doce-

1386 2399 1460 2445 re,
1484 2398 1680 2446 qnaeras
1702 2382 1983 2445 perfectius
2005 2398 2019 2430 :
2053 2381 2178 2428 nihil
2202 2381 2334 2428 enim
2358 2385 2441 2429 est

1384 2460 1552 2518 inane,
1584 2459 1711 2508 nihil
1742 2460 2075 2514 arcessitum3
2114 2472 2243 2518 puro
2270 2466 2441 2506 tamen

1386 2535 1539 2595 fonti,
1563 2550 1714 2599 quam
1740 2548 1922 2594 magno
1945 2530 2138 2580 flumini
2167 2532 2409 2593 propior!

1449 2613 1536 2662 Sic
1567 2618 1625 2661 et
1661 2610 1727 2660 de
1752 2610 1949 2659 Latinis
1984 2608 2276 2656 oratoribus
2309 2607 2442 2656 anti·

1387 2690 1521 2754 quis,
1545 2688 1746 2747 mediis,
1780 2696 1835 2733 et
1860 2685 2172 2744 recentibus,
2194 2698 2285 2731 seu
2308 2697 2441 2732 coae-

1388 2766 1570 2815 taneis.
1634 2764 1715 2813 De
1758 2763 1818 2810 C.
1865 2760 2070 2809 Gracchi
2114 2760 2291 2821 impetu
2330 2759 2441 2821 agit

1388 2842 1527 2891 Dial.
1552 2856 1599 2890 c.
1626 2845 1705 2894 ts.
1755 2839 1820 2887 Et
1842 2837 2021 2888 Quint.
2045 2837 2079 2884 l.
2106 2849 2139 2883 1.
2169 2840 2246 2885 10.
2281 2839 2295 2862 ‘
2317 2834 2441 2884 Cor·

1387 2919 1525 2981 poris
1548 2930 1749 2980 quoqne
1790 2912 1978 2961 decens
2003 2921 2055 2959 et
2081 2920 2233 2971 aptus
2258 2916 2446 2973 motus,

1384 2993 1467 3055 qui
1492 2991 1687 3040 dicitur
1715 2987 1947 3051 εὐρυθμία,
1968 2993 2049 3034 est
2087 2986 2439 3034 necessarius:

1384 3081 1479 3116 nec
1505 3064 1708 3114 aliunde
1735 3065 1843 3127 peti
1884 3069 2088 3124 potest:
2126 3063 2174 3108 in
2199 3075 2299 3123 quo
2323 3073 2442 3123 pars

1369 3141 1605 3192 ,actionis
1642 3155 1741 3189 non
1782 3140 1990 3187 minima
2027 3137 2294 3186 consistit:
2336 3150 2443 3200 qua

1387 3219 1453 3267 de
1475 3233 1532 3266 re
1556 3217 1804 3280 sepositus
1827 3223 1906 3263 est
1930 3214 2073 3261 nohis
2096 3214 2254 3262 loeus.
2306 3212 2441 3274 Age,

1386 3297 1426 3343 si
1461 3293 1672 3343 habebit
1709 3291 1940 3356 inprimis
1965 3304 2141 3337 euram
2171 3289 2304 3335 vocis
2329 3301 2444 3337 ora-

1387 3377 1488 3431 tor,
1510 3362 1633 3432 q'uid
1657 3375 1762 3416 tam
1783 3366 2000 3413 musices
2025 3364 2315 3426 proprium?
2348 3363 2442 3412 sed

1388 3460 1452 3493 ne
1494 3446 1605 3492 haec
1646 3442 1847 3506 quidem
1908 3445 2265 3503 praesumenda
2322 3453 2443 3503 para

1386 3527 1497 3569 est:
1534 3529 1590 3568 ut
1624 3533 1725 3567 uno
1769 3518 1972 3564 interim
2018 3517 2250 3563 conteuti
2287 3514 2442 3563 simus

1387 3597 1628 3657 exemplo
1671 3595 1728 3641 C.
1764 3591 2006 3649 Gracchi,
2043 3591 2291 3652 praecipui
2330 3603 2443 3639 suo·

1388 3689 1495 3722 rum
1524 3683 1808 3735 temporum
1833 3671 2051 3718 oratoris
2079 3685 2095 3730 ;
2130 3669 2212 3717 cui
2236 3669 2443 3720 concio-

1389 3749 1533 3798 nanti
1572 3747 1854 3797 consistens
1891 3751 2009 3808 post
2046 3760 2159 3793 eum
2202 3745 2442 3808 musicus,

1387 3822 1555 3873 fistula
1604 3838 1750 3887 (quatu
1785 3819 1994 3882 τονόριον
2027 3828 2230 3878 vocant,
2267 3818 2444 3868 modos

1387 3901 1569 3964 quibus
1604 3898 1821 3946 debr-ret
1858 3896 2073 3954 intendi,
2097 3894 2441 3943 ministrabat.

1390 3976 1519 4024 Have
1544 3977 1589 4023 ei
1615 3990 1739 4023 eura
1764 3979 1895 4022 inter
1922 3973 2292 4020 turbidissimas
2314 3969 2444 4019 aeti-

1388 4064 1531 4108 ones‚
1556 4053 1634 4097 sel
1660 4059 1874 4097 terrenti
1911 4049 2201 4109 optimates,
2224 4046 2302 4094 vel
2324 4044 2441 4108 jam

1388 4127 1591 4175 tinnienti
1616 4123 1750 4173 fuit.'

1453 4204 1526 4252 Et
1560 4202 1597 4253 1.
1620 4213 1674 4252 x.
1702 4205 1748 4254 1.
1780 4203 1796 4230 ‘
1823 4200 1995 4250 Multa
2029 4198 2080 4247 in
2103 4195 2281 4246 Asinio
2318 4193 2441 4250 Pol-
