3000 4859
2275 423 2451 497 3658

260 575 438 656 Quae
467 576 648 642 fama
675 582 744 642 et
768 578 939 643 lans⁸
961 577 1295 662 cujusvis⁴
1322 582 1483 646 artis
1512 602 1667 647 cum
1690 587 2025 650 oratorum
2048 583 2255 668 gloria
2280 603 2459 657 coma·

219 668 226 672 ’
257 678 555 763 paranda
582 685 705 756 est,
740 682 852 762 qui
886 700 1022 744 non
1050 681 1365 746 illustres⁵
1398 683 1464 746 in
1495 685 1654 748 urbe
1684 685 1921 764 solum,
1952 684 2134 769 apud
2160 688 2459 767 negotio-

257 799 372 844 sos
419 786 487 845 et
514 783 707 845 rebus
734 784 1037 860 intentos,
1084 782 1201 846 sed
1245 785 1443 849 etiam
1474 785 1653 868 apud
1674 787 1952 870 juvenes
1975 794 2045 851 et
2072 786 2460 853 adolescen-

256 887 376 959 tos,
423 884 666 965 quibus
716 882 916 947 modo
959 882 1167 948 recta⁶
1211 889 1280 949 et
1322 884 1577 951 indoles
1620 886 1746 953 est‘
1784 894 1850 952 et
1886 889 2066 952 bona
2109 908 2267 971 spes
2293 891 2399 953 sui
2421 892 2452 954 'l

1035 426 1440 507 mamone,
1484 437 1653 512 osv.
1692 423 1759 489 7.

1175 1031 1535 1052 OOOOOOMON

253 1091 382 1143 editi
419 1094 474 1143 in
499 1095 770 1147 sodicillist
807 1100 862 1145 et
900 1096 973 1144 sic
996 1096 1224 1159 Ryckius
1268 1102 1323 1147 et
1361 1098 1693 1151 Gronov.—4
1725 1099 1810 1150 Its
1834 1100 2037 1164 Lipsius
2057 1104 2114 1151 et
2136 1099 2455 1155 recentiores

253 1172 447 1208 omnes.
469 1190 474 1197 -
512 1158 574 1207 In
599 1159 909 1209 editionibus
934 1160 1511 1225 veteribus,.quidsama.
1575 1165 1864 1216 Beroaldus
1888 1164 2198 1228 emendavit,
2218 1165 2420 1225 σιριιιυίε
2436 1181 2456 1216 .·

252 1229 404 1271 antea
425 1223 639 1281 editum,
662 1223 902 1283 κήαι-5
940 1224 1069 1274 Mss.
1103 1226 1276 1275 Vatic.
1303 1230 1444 1277 1862.
1468 1235 1525 1276 et
1546 1232 1693 1279 4498.
1721 1230 2035 1279 nonillustres
2055 1235 2102 1278 et
2121 1245 2214 1278 non
2235 1230 2287 1278 in
2329 1229 2455 1278 Urbs

250 1287 411 1336 num.
481 1286 581 1335 Ms.
604 1288 777 1336 Vatic.
804 1292 945 1338 1518.
967 1304 1057 1337 m
1075 1291 1281 1340 illustres
1308 1296 1355 1339 ee
1377 1307 1468 1340 non
1487 1294 1753 1345 solum—o
1788 1294 1871 1344 Its
1894 1295 2025 1343 Mss.
2048 1294 2219 1345 vatic.
2243 1300 2298 1343 et
2320 1293 2461 1356 opti·

251 1364 353 1399 me.
420 1351 507 1399 Sic
525 1352 794 1413 Tullius,1.
821 1352 886 1401 de
902 1353 1071 1401 Divin.
1097 1359 1178 1403 86.
1245 1356 1597 1407 Quintilianus
1632 1359 1648 1386 ‘
1668 1357 1846 1410 Instit.
1870 1358 2041 1408 Orat!
2066 1371 2138 1407 vx.
2162 1362 2211 1407 3.
2235 1358 2455 1422 ipseque

249 1413 467 1489 Tacitus
493 1416 624 1464 infra
662 1430 779 1478 cap.
804 1420 883 1465 10.
925 1421 1057 1465 modo
1097 1433 1190 1480 pro
1232 1420 1419 1480 quidem
1453 1432 1789 1484 usurpavere.
1856 1422 2144 1486 Perperam
2165 1421 2287 1479 libri
2309 1420 2458 1484 editi,

249 1479 416 1541 qubus
434 1495 613 1529 morans
634 1485 681 1529 et
711 1482 887 1530 indoles
907 1487 978 1531 est
997 1499 1014 1531 .-
1048 1483 1184 1546 quod
1205 1482 1397 1533 dedere
1432 1492 1488 1533 et
1512 1485 1801 1535 Gronovius
1822 1491 1879 1534 et
1902 1486 2154 1550 Ryckius‚
2176 1485 2363 1536 omisso
2383 1489 2452 1535 et.

250 1543 457 1607 Lipsius
478 1558 508 1592 e
525 1545 774 1607 Romana,
795 1546 969 1595 nescio
991 1562 1109 1611 qua,
1143 1548 1393 1611 editione,
1415 1549 1613 1613 laudat,
1635 1551 1799 1613 quibus
1816 1548 1963 1612 mqy‘or·
1978 1551 2171 1601 indoles.
2220 1548 2455 1601 Brotier.

1243 1644 1456 1695 NOTAE

250 1731 491 1798 suffragia
513 1736 565 1784 in
602 1736 850 1787 honorum
880 1738 1235 1801 petitionibus,
1256 1746 1312 1790 et

249 1809 316 1859 ad
340 1810 657 1861 diribitorias
694 1814 931 1864 tabellas.
1002 1816 1154 1865 Dixit
1192 1821 1312 1865 ante

251 1895 317 1946 de
352 1898 590 1962 praetnris
623 1907 680 1949 et
709 1901 1077 1950 consulatibus.
1137 1903 1311 1952 Acida-

250 1972 358 2024 lius.

314 2051 492 2114 Forte,
525 2057 629 2102 tum
659 2052 846 2115 lubere,
869 2055 994 2116 quod
1017 2053 1200 2103 scilicet
1217 2068 1310 2103 non

247 2126 302 2175 in
336 2127 435 2176 alio
473 2127 709 2177 haurim-
778 2129 938 2181 Quasi
961 2118 1207 2179 'alludens
1243 2128 1311 2178 ad

247 2216 430 2267 squas,
468 2219 584 2268 quae
613 2204 666 2253 in
692 2205 890 2268 praedio
914 2206 1122 2268 proprio
1143 2212 1311 2255 scatu-

249 2277 390 2327 riunt
408 2279 565 2342 ultro,
605 2293 702 2328 nec
742 2279 791 2327 in
816 2279 982 2328 alieno
1007 2293 1131 2343 agro
1152 2281 1314 2331 hauri-

248 2360 426 2418 untur,
457 2369 554 2405 nec
577 2362 878 2420 quaernntur
899 2357 1092 2418 procul.
1159 2355 1313 2407 Quod

250 2427 295 2477 si
329 2435 406 2479 tot
439 2429 812 2495 interpretibus
851 2444 955 2479 non
995 2437 1078 2479 est
1107 2423 1314 2494 reperta

253 2517 376 2552 vera
395 2505 574 2567 lectio,
596 2505 736 2556 forte
757 2506 943 2555 saltem
967 2521 1115 2556 verus
1135 2521 1314 2556 sensus

248 2578 546 2630 intellectus
568 2587 687 2630 est:
734 2588 789 2631 et
830 2582 880 2630 in
916 2595 993 2642 re,
1027 2581 1313 2647 eodemque

249 2669 401 2706 sensu
417 2657 571 2720 plane
593 2658 905 2707 conveniunt
919 2672 1111 2707 omnes.
1137 2659 1314 2721 Forte,

250 2736 294 2780 et
315 2736 427 2781 tunc
449 2731 634 2796 habere,
664 2735 783 2796 quod
814 2748 898 2782 nec
929 2734 982 2781 in
1012 2733 1108 2781 alio
1139 2733 1313 2795 oritur,

249 2818 350 2869 nec,
389 2809 471 2869 ξε.
514 2809 658 2873 quasi
698 2809 921 2870 diceret,
960 2824 1016 2858 se
1059 2824 1186 2872 opes
1223 2809 1311 2857 ha·

248 2880 392 2946 bere,
413 2897 527 2947 quae
543 2897 641 2932 nec
667 2884 721 2932 in
744 2883 840 2933 alio
864 2898 983 2946 agro
1007 2890 1312 2947 nascuntur,

250 2973 345 3009 nec
368 2973 434 3009 ex
459 2960 609 3010 libitu
644 2968 734 3010 aut
757 2960 969 3009 arbitrio
994 2960 1160 3009 alieno
1186 2974 1309 3023 pen-

249 3033 393 3084 dent.
462 3032 609 3084 Infra
642 3049 759 3099 cap.
778 3040 828 3084 9.
859 3035 875 3062 ‘
899 3034 971 3084 Hi
993 3036 1130 3083 enim
1169 3035 1309 3098 [ver-

249 3109 360 3174 sus]
415 3111 579 3161 Basso
641 3111 781 3160 domi
844 3114 1160 3160 nascuntur.’
1240 3110 1312 3159 Et

248 3188 264 3215 ⁸
289 3196 483 3252 quanto
525 3195 695 3237 temen
734 3188 996 3252 pulchrius
1017 3222 1030 3236 .
1050 3221 1063 3236 .
1081 3218 1121 3237 ..
1137 3201 1192 3235 se
1234 3185 1311 3251 ip-

247 3277 358 3312 sum
380 3264 570 3327 colere,
591 3279 739 3313 suum
763 3263 969 3326 genium
1002 3263 1310 3328 propitiare,

219 3346 230 3355 ‘
249 3354 390 3389 suam
415 3339 640 3404 experiri
676 3339 1088 3387 liberalitatem?

312 3420 332 3446 ¹
365 3414 470 3464 Nec
490 3414 713 3463 codicillis
733 3416 893 3477 datur,
924 3413 1012 3462 ned
1027 3430 1132 3463 eum
1148 3412 1315 3476 gratia

246 3492 397 3555 venit]
429 3491 642 3541 Solebat
686 3489 825 3540 enim
868 3491 1112 3553 princeps
1156 3490 1312 3540 liono-

248 3579 329 3615 res
352 3565 656 3630 quibusdam
676 3566 849 3628 largiri
880 3579 947 3614 ex
967 3579 1060 3613 suo
1083 3563 1316 3625 arbitrio,

247 3649 304 3693 et
325 3642 378 3691 id
399 3642 449 3691 in
467 3641 738 3703 codicillis,
773 3641 838 3689 de
865 3654 963 3705 qno
987 3640 1093 3689 ritu
1112 3639 1315 3689 erudite

248 3723 305 3768 et
334 3717 614 3781 diligenter
657 3716 862 3780 Lipsius
901 3715 968 3765 ad
1012 3714 1153 3766 Anu.
1186 3729 1313 3764 xm.

249 3793 560 3859 Quanquam
603 3793 805 3851 trahere
857 3792 992 3841 hanc
1035 3791 1313 3841 dictionem

250 3870 403 3919 etiam
463 3869 528 3918 ad
585 3870 975 3918 testamentales
1029 3869 1314 3933 legationes

252 3947 434 4009 possis,
459 3960 572 4010 qnae
599 3945 649 3992 in
674 3945 927 3994 codicillis
949 3945 1070 3993 olim
1090 3944 1315 4009 concipi-

250 4022 486 4072 ebantur.
557 4021 707 4081 Haec,
745 4037 849 4069 cum
873 4021 1038 4083 gratia
1071 4022 1221 4083 venit,
1248 4021 1313 4071 ad

249 4099 500 4155 honorum
515 4096 933 4160 impetrationem
952 4094 1224 4146 manifeste
1235 4111 1315 4147 re·

250 4172 489 4237 serenda,
530 4172 630 4221 etsi
681 4178 737 4222 et
784 4171 914 4223 illud
958 4172 1122 4235 ipsum
1163 4172 1317 4225 scribi

251 4251 449 4317 malim,
468 4249 676 4316 abjecto
698 4264 802 4301 cum
821 4265 838 4299 .·
873 4263 956 4300 nec
982 4249 1148 4314 gralia
1175 4250 1319 4301 veuit.

1390 1740 1674 1794 Acidalius.
1698 1744 1908 1808 Melius,
1928 1743 2227 1806 cumgratia.

1454 1825 1473 1849 ⁸
1510 1819 1630 1875 Quae
1654 1818 1795 1878 furna
1837 1825 1885 1870 et
1916 1821 2042 1885 laus]
2106 1820 2457 1870 Desideratus·

1390 1895 1663 1944 transitiva
1717 1896 1993 1960 particula,
2042 1894 2223 1962 (forte,
2260 1897 2459 1960 ,imque

1329 2002 1334 2007 -
1375 1969 1537 2033 sumo,
1573 1970 1680 2034 isc.)
1709 1972 1898 2022 transit
1940 1973 2077 2023 enim
2115 1989 2146 2022 a
2186 1972 2457 2037 voluptate

1389 2046 1514 2095 artis
1548 2046 1791 2096 oratoriae
1830 2047 1896 2096 ad
1923 2047 2247 2111 dignitatem.
2278 2046 2459 2097 Acida-

1390 2122 1497 2171 lius.
1566 2123 1686 2171 Non
1722 2138 1852 2186 opus
1904 2130 1988 2174 est
2038 2124 2130 2173 tali
2184 2123 2459 2189 particula,

1392 2212 1510 2262 quoe
1527 2196 1680 2247 facile
1702 2199 1974 2263 suppletur
1992 2214 2087 2263 per
2109 2207 2353 2250 mentem.

1454 2276 1470 2307 ²
1500 2276 1841 2340 Adulescentes,
1857 2277 2023 2340 quibus
2062 2292 2242 2327 morum
2279 2278 2457 2327 indoles

1389 2350 1486 2412 est]
1517 2352 1747 2402 Romana
1768 2354 1949 2416 editio,
1970 2353 2137 2418 quibus
2156 2353 2304 2413 παύω·
2322 2353 2456 2402 indo-

1390 2424 1473 2473 les.
1517 2425 1736 2489 Lipsius.
1797 2428 2057 2493 Muretus,
2071 2429 2235 2493 quibus
2254 2429 2388 2478 modo
2408 2432 2458 2477 et

1390 2499 1572 2548 indoles
1605 2505 1695 2551 est.
1762 2500 1937 2566 Atque
1980 2508 2047 2564 el,
2067 2517 2189 2552 sane
2213 2503 2371 2552 etiam
2400 2503 2456 2551 in

1391 2577 1616 2638 vulgatis
1638 2577 1801 2627 libris.
1868 2579 1981 2643 Ego
2022 2579 2194 2638 aliter,
2222 2578 2387 2642 quibus
2407 2583 2458 2628 et

1390 2653 1620 2712 mqiorum
1656 2653 1835 2702 indoles
1878 2659 1966 2715 est,
2003 2658 2051 2702 et
2089 2652 2208 2702 bona
2234 2668 2340 2716 spes
2360 2654 2452 2703 sui.

1392 2729 1530 2777 Nam
1548 2728 1765 2778 Sueton.
1794 2728 1930 2793 Aug.
1952 2733 2002 2779 8.
2025 2728 2090 2778 ad
2112 2729 2263 2793 hujus
2281 2733 2458 2780 aucto-

1390 2803 1460 2850 ris
1484 2802 1810 2866 exemplum:
1842 2804 1857 2831 ‘
1877 2803 2163 2868 approbata
2176 2803 2330 2853 etiam
2348 2803 2457 2853 cito

1389 2892 1586 2927 morum
1610 2878 1783 2927 indole
1817 2894 1971 2942 snper
1988 2878 2191 2928 itineris
2212 2879 2458 2929 industri·

1390 2951 1510 3003 am?
1552 2952 1814 3003 Acidalia.
1871 2952 2014 3002 Nihil
2032 2960 2193 3003 muto.
2240 2953 2456 3002 Plautus

1390 3031 1728 3081 Trinummo:
1786 3032 1802 3057 ‘
1828 3030 1917 3095 qui
1950 3031 2091 3094 ipsus
2135 3043 2191 3079 se
2229 3037 2458 3080 contem-

1390 3107 1488 3168 nit,
1506 3107 1557 3155 in
1576 3121 1637 3156 eo
1653 3113 1733 3156 est
1748 3105 1948 3155 indoles
1969 3103 2272 3154 industria!
2298 3103 2455 3154 Corn.

1392 3181 1572 3246 Nepos
1598 3176 1656 3231 'iu
1695 3183 1955 3231 Eumene:
2004 3182 2020 3207 ‘
2044 3179 2302 3243 Fulgebat
2343 3177 2459 3241 jam

1392 3258 1446 3307 in
1513 3256 1897 3306 adolescentulo
1932 3254 2155 3304 -indoles
2217 3253 2457 3304 virtutis!

1389 3333 1627 3385 Justinus
1665 3333 1799 3382 libro
1834 3343 2042 3381 xxxix.
2109 3330 2209 3380 ‘Iu
2247 3343 2456 3380 suorum

1393 3411 1609 3474 quisque
1654 3408 1877 3473 vestigia
1908 3409 2126 3459 intentis
2162 3422 2353 3474 magna
2382 3407 2461 3455 in·

1392 3485 1537 3535 doles
1572 3484 1778 3533 virtutis
1824 3485 2047 3534 enituit!

1392 3565 1498 3608 κατ’
1543 3558 1728 3622 δξοχὴν,
1787 3558 1908 3607 boni
1952 3572 2135 3608 mores.
2201 3558 2280 3607 Ut
2319 3556 2459 3622 apud

1391 3637 1640 3687 Senecam
1666 3636 1681 3664 ⁶
1703 3636 1906 3698 periere
1922 3633 2127 3683 mores!
2161 3633 2346 3698 Itaque
2361 3649 2460 3682 mo·

1392 3712 1706 3770 ruminantes,
1727 3716 1783 3758 et
1802 3710 1979 3763 indoles
1996 3709 2213 3772 virtutis,
2254 3715 2312 3759 et
2332 3710 2463 3758 indo-

1395 3789 1462 3839 les
1480 3787 1749 3847 industria,
1772 3785 1854 3834 hic
1877 3786 2059 3834 eadem
2081 3799 2163 3834 res
2188 3789 2288 3832 est.
2336 3783 2462 3831 Gro-

1393 3865 1572 3914 novius.
1637 3863 1797 3912 Forte
1818 3859 1877 3910 τὸ
1902 3876 2099 3923 morum,
2139 3859 2237 3907 hoc
2259 3864 2360 3919 est,
2382 3857 2460 3906 in·

1394 3941 1550 4005 genii,
1573 3939 1817 4001 solertiae‚
1840 3945 1896 3988 et
1920 3934 2209 3996 industrias,
2228 3938 2290 3983 ut
2320 3931 2462 3983 idem

1393 4017 1465 4067 sit
1482 4017 1569 4066 hic
1591 4031 1769 4065 morum
1801 4015 1995 4075 indoles,
2032 4024 2093 4060 ac
2114 4008 2344 4074 ingenita
2360 4010 2463 4059 vir-

1398 4101 1481 4144 tus
1525 4092 1701 4153 animi,
1741 4104 1802 4139 ac
1834 4086 2045 4138 solertia
2081 4085 2278 4150 ingenii
2308 4092 2367 4135 et
2386 4084 2463 4137 fa.

1398 4169 1589 4220 cundia
1611 4185 1627 4231 ;
1647 4165 1780 4216 unde
1798 4171 1853 4215 et
1871 4178 1975 4228 spes
1987 4162 2063 4213 sui
2084 4160 2362 4212 existebat.

2126 3485 2260 3534 Nam
2293 3499 2460 3544 mores,
2559 3497 2569 3507 ·
