3000 4859
979 377 1392 443 AemcoLA,
1438 369 1623 430 caru
1646 367 1731 432 9,-

2276 370 2456 437 3471

267 524 376 588 nt
414 540 544 605 per.
569 518 805 588 urtmn‘¹
855 522 1205 608 qnaesivit:
1253 524 1487 606 procul
1534 526 1621 590 ab
1666 525 2083 592 aemulatione
2128 526 2451 596 advorsus

267 622 588 706 collem&
635 626 869 709 procul
921 645 964 690 a
1010 627 1426 690 contentione
1468 626 1789 691 adversus
1823 627 2334 698 Procuratores:
2382 636 2451 697 ct

261 820 468 882 tulliam,
488 826 572 871 ent
590 823 685 871 allo
706 822 936 872 adhibito
956 823 1187 873 ἱειιοοίκίο
1206 822 1443 886 captavit.-
1473 826 1641 888 procul
1658 840 1690 874 a
1710 826 1851 875 livore
1884 826 1938 876 in
1969 828 2382 891 collegas,procu1
2414 843 2448 877 α

261 884 363 934 rixa
386 890 467 935 cat
485 886 658 949 jurgio
677 889 900 937 aduersu
925 895 1428 952 procuratoremque·
1462 903 1700 952 superare,

1893 892 2098 953 gloriam
2126 907 2294 956 uam,
2314 901 2362 942 et
2395 907 2447 943 κ

1247 1066 1464 1119 NOTAE

265 1194 358 1239 tam
389 1189 677 1240 laudandus
705 1191 795 1254 sit,
824 1204 978 1256 qnam
1010 1189 1307 1254 vituperan-

263 1264 366 1326 dus,
385 1265 471 1331 qni
494 1266 743 1330 praeditus
760 1281 860 1316 non
884 1273 979 1318 est.
1019 1267 1306 1329 Vir-dangu.

320 1342 549 1406 Vulgata
575 1342 722 1392 nimis
756 1342 836 1392 hoe
866 1343 1111 1393 virtutes:
1145 1357 1306 1406 usque

264 1416 381 1467 adeo
402 1418 682 1483 spernebat
705 1433 847 1482 opes,
877 1427 934 1470 et
968 1419 1306 1484 cupiditatem

261 1505 450 1546 omnem
491 1496 886 1558 proculcaverat
938 1494 1199 1560 Agricola,
1248 1502 1307 1545 ut

261 1567 407 1619 etiam
430 1567 619 1629 fam
649 1576 705 1619 et
743 1571 975 1634 gloriam,
1010 1572 1089 1621 cai
1105 1585 1228 1636 sape
1249 1579 1306 1622 et

262 1642 360 1696 boni
397 1645 548 1695 nimis
590 1645 857 1710 indulgeat,
899 1647 1061 1713 (qnod
1105 1650 1304 1701 licitum

262 1727 446 1783 tamem
491 1728 549 1772 et
593 1723 836 1773 eximium
874 1731 958 1774 est
1004 1724 1055 1774 in
1094 1727 1303 1777 summis

259 1795 410 1847 viris·
431 1813 546 1850 nam
578 1799 780 1851 fructus
808 1802 1032 1866 optimus
1057 1803 1304 1854 virtutum

260 1872 410 1935 gloria
422 1873 464 1939 ς)
490 1881 594 1925 non
619 1876 894 1926 admodum
919 1886 1196 1944 quereret,
1217 1894 1305 1929 ne-

259 1963 352 2013 que
375 1951 625 2015 jactando
648 1953 911 2018 virtutem,
933 1959 1023 2005 aut
1053 1961 1165 2004 arte
1198 1956 1305 2006 ull'a

258 2023 405 2076 decus
427 2035 689 2092 captaret.

315 2101 337 2137 '³
368 2104 443 2154 Ne
467 2104 659 2164 samam
697 2103 906 2169 quidem]
957 2105 1096 2157 Plin.
1133 2106 1224 2159 lib.
1263 2122 1303 2159 1.

256 2178 398 2244 epist.
434 2182 518 2230 22.
575 2182 591 2207 ‘
615 2180 790 2231 Ornat
833 2181 947 2231 haec
1002 2182 1303 2246 magnitudo

257 2255 419 2319 animi,
454 2273 574 2323 quae
610 2258 738 2307 nihil
776 2259 841 2308 ad
884 2259 1304 2325 ostentationem,

258 2334 416 2392 omnia
434 2334 499 2384 ad
526 2335 899 2385 conscientiam
920 2333 1117 2396 τοῖοι-ις
1138 2343 1305 2386 recte-

257 2421 348 2472 que
387 2409 534 2472 facti,
579 2424 682 2460 non
726 2425 792 2460 ex
842 2412 1020 2476 populi
1071 2426 1305 2462 sermone

256 2484 560 2546 mercedem,
582 2484 673 2533 sed
697 2499 762 2534 ex
783 2483 927 2534 facto
950 2484 1122 2548 petit!

312 2566 334 2592 ⁶
367 2561 455 2610 cn·
468 2562 748 2624 ffimnsoepe
769 2561 900 2625 boni]
920 2561 1130 2626 Quippe
1145 2562 1304 2612 etiam

254 2635 270 2661 ⁸
287 2637 597 2700 sapientibus
618 2636 812 2700 cupido
835 2637 1012 2699 gloriae
1035 2636 1307 2688 novissima

255 2713 482 2777 exuitur}
521 2713 664 2764 Hist.
688 2713 723 2763 1.
752 2727 831 2763 lv.
855 2727 921 2762 ex
943 2714 1032 2763 illo
1054 2714 1308 2779 Platonis,

252 2787 333 2849 ἢν
342 2789 603 2852 κενοδοξίαν
613 2790 674 2839 ὥς
684 2792 958 2839 τελευταῖον
969 2791 1148 2852 χιτῶνα
1159 2807 1172 2839 2
1194 2790 1312 2839 Glo-

252 2866 606 2933 riaeeapidinem
619 2868 744 2917 velat
765 2867 984 2916 mam
998 2867 1207 2916 tunicam
1227 2868 1306 2916 de·

309 3015 332 3051 ¹¹
360 3021 461 3069 Aac
479 3034 571 3084 per
592 3007 767 3084 metii]
797 3018 877 3068 Ut
910 3015 1189 3069 Africanus
1218 3033 1302 3069 sn-

250 3094 431 3158 perior.
487 3095 667 3146 Livius
706 3096 744 3144 l.
774 3107 929 3144 xxvr.
961 3101 1019 3144 et
1055 3094 1301 3159 Polybius

248 3170 329 3221 lib.
350 3186 428 3224 lx.
463 3172 622 3239 Apud
641 3179 875 3226 nostrum
912 3173 1000 3222 lib.
1025 3182 1151 3222 xm.
1190 3174 1302 3224 Do-

247 3249 409 3301 mitius
431 3250 680 3314 Corbulo,
705 3249 721 3277 ‘
745 3251 909 3312 Super
930 3248 1301 3313 experientiam

248 3328 667 3392 sapientiamque,
687 3329 845 3377 ctiam
878 3327 1053 3390 specie
1078 3326 1300 3375 inanium

246 3402 469 3454 validus?
512 3404 759 3452 Ceterum
782 3402 833 3449 hi
858 3403 988 3451 tales
1000 3401 1121 3462 jure
1144 3416 1301 3451 excu-

245 3488 434 3541 untur,
458 3478 645 3544 quibus
660 3491 829 3527 scena‘.
847 3476 1193 3526 serviendum.
1228 3475 1302 3527 At

244 3567 338 3605 non
371 3557 467 3619 illi,
504 3556 596 3619 qui
635 3552 921 3603 simulando
960 3552 1181 3601 virtutes
1208 3565 1300 3616 per

243 3639 402 3682 artem
411 3633 701 3682 abutuntur
712 3630 778 3679 do
784 3632 849 3692 lo,
860 3627 1147 3693 falluntque
1160 3627 1302 3677 inani

245 3711 414 3772 specie
440 3708 789 3774 plebeculam,
812 3711 870 3756 ut
905 3704 1092 3753 famam
1115 3710 1170 3753 et
1195 3702 1303 3753 lan·

241 3783 356 3835 dem
380 3790 639 3851 quaerant,
661 3783 799 3832 intus
823 3780 1118 3840 ambitione,
1140 3780 1302 3827 avari-

241 3862 315 3910 tia
356 3877 418 3911 ac
456 3859 722 3924 superbia,
743 3865 799 3908 et
830 3857 943 3906 aliis
972 3854 1180 3920 flagitiis
1212 3856 1300 3906 de-

243 3938 531 3988 tentabiles.

298 4025 321 4051 e
353 4014 534 4064 Procul
554 4011 614 4062 ab
634 4010 932 4061 ammiane
960 4011 1182 4058 Moerus
1208 4009 1298 4057 col-

239 4087 387 4152 legas]
419 4090 665 4139 Proeerat
700 4096 824 4137 tnnc
858 4086 1106 4151 Agricola
1137 4083 1300 4150 Aqui-

240 4165 414 4216 taniae.
504 4164 644 4216 Quid
689 4176 815 4225 ergo
856 4162 930 4211 ait
971 4160 1186 4210 Tacitus
1234 4161 1301 4210 de

239 4240 489 4308 collegis?
539 4252 660 4289 nam
715 4251 892 4289 omnes
942 4235 1029 4286 alii
1072 4225 1302 4300 ejusdem

1387 1192 1669 1256 provincia
1718 1192 1938 1242 ministri
1990 1190 2084 1242 sub
2139 1190 2230 1242 illo
2284 1197 2452 1243 erant.

1388 1267 1590 1318 Cenaeo
1625 1267 1848 1332 collegas
1882 1268 2056 1318 vocari
2086 1269 2286 1332 legatos
2308 1269 2460 1333 alios,

1388 1347 1474 1409 qui
1497 1344 1729 1396 finitimis
1753 1346 2028 1410 provinciis
2050 1353 2328 1409 praeerant.
2365 1348 2454 1397 Pi·
2526 1405 2529 1408 ¹

1385 1423 1550 1474 cheno.

1451 1500 1610 1551 Forte
1651 1507 1708 1550 et
1728 1500 1876 1551 inter
1905 1500 2128 1565 collegas
2151 1507 2456 1565 procurato·

1385 1589 1469 1624 res
1497 1575 1743 1639 Coesaris,
1765 1577 1853 1641 qui
1882 1575 2008 1626 licet
2043 1577 2094 1625 vi
2133 1584 2191 1627 et
2228 1578 2454 1627 auctori-

1385 1657 1495 1700 tate
1533 1652 1773 1716 impares,
1812 1653 1926 1716 plus
1971 1658 2141 1702 tamen
2178 1667 2315 1718 saepe
2351 1653 2449 1704 sibi

1387 1735 1653 1791 arrogant,
1692 1743 1843 1794 quam
1892 1728 2088 1778 nobiles
2143 1729 2304 1793 legati
2360 1735 2451 1780 aut

1385 1803 1734 1866 proconsules.
1772 1803 1944 1852 Multa
1968 1810 2256 1867 suppetunt
2278 1818 2450 1855 exem-

1386 1877 1470 1940 pla
1492 1878 1632 1942 apud
1667 1880 1905 1928 Tacitum
1940 1879 2057 1928 talis
2088 1879 2452 1944 aemulationis,

1384 1954 1438 2002 in
1471 1955 1728 2018 Rempub.
1767 1953 1969 2004 infestae
2010 1969 2071 2005 ac
2102 1953 2360 2020 infaustoe,
2393 1962 2451 2008 et

1384 2029 1438 2078 in
1471 2029 1635 2080 bonos
1656 2030 1999 2096 honestosque
2034 2045 2275 2096 proceres
2304 2047 2449 2099 saepe

1384 2106 1683 2157 exitiabilis.

1448 2183 1688 2234 Adversas
1732 2183 1954 2247 coarto]
2032 2183 2096 2233 In
2151 2184 2446 2235 universnm

1387 2257 1646 2322 Agricolas
1689 2258 1951 2324 ingenium
1994 2259 2318 2325 indolemque
2358 2261 2447 2312 de-

1387 2333 1572 2384 s‘cribit
1605 2334 1857 2396 Tacitus3
1891 2350 1987 2386 nec
2026 2336 2343 2386 solummodo
2366 2352 2448 2388 re·

1385 2407 1512 2471 fert,
1534 2424 1636 2475 qua
1656 2413 1857 2461 ratione
1880 2426 1936 2460 se
1972 2413 2193 2476 gesserit
2215 2413 2267 2461 in
2291 2410 2450 2478 Aqui·

1386 2484 1548 2548 tanis,
1567 2485 1660 2535 sed
1683 2487 1837 2536 etiam
1873 2487 1960 2551 qui
1995 2501 2051 2536 se
2086 2488 2307 2549 gesserit
2327 2502 2449 2538 cnm

1384 2561 1574 2623 colleg-is
1594 2562 1718 2624 suis,
1737 2562 1924 2625 legatis
1957 2577 2144 2626 nempe
2166 2563 2446 2629 legionum,

1384 2652 1502 2689 cnm
1540 2640 1594 2689 in
1628 2641 1901 2692 Britannia
1941 2641 2210 2704 militaret,
2245 2641 2445 2705 pariter

1383 2716 1587 2779 legatus
1611 2717 1828 2781 legionis
1852 2717 2123 2767 vicesimas.
2436 2736 2444 2744 ·

1451 2791 1549 2840 Vel
1587 2793 1745 2841 etiam
1781 2793 2002 2857 intelligi
2037 2799 2212 2857 potest
2232 2794 2444 2846 Tacitus

1384 2867 1451 2917 de
1474 2867 1586 2916 aliis
1623 2868 1808 2931 legatis
1840 2867 2190 2932 inferioribus,
2213 2885 2304 2921 seu
2326 2872 2443 2921 aliis

1384 2942 1712 2992 senatoribus
1750 2950 1840 2993 aut
1873 2944 2232 3008 quaestoribus,
2266 2946 2354 3010 qui
2390 2945 2444 2995 in

1383 3018 1569 3067 eadem
1590 3018 1880 3082 provincia:
1922 3013 2039 3067 nam
2070 3018 2196 3069 licet
2231 3021 2336 3070 sint
2370 3021 2445 3070 in·

1381 3092 1599 3144 seriores
1637 3100 1882 3156 rectores,
1915 3098 2144 3143 attamen
2178 3095 2230 3144 in
2261 3095 2443 3146 eadem

1380 3169 1664 3233 provinciae
1699 3169 2165 3234 administratione,
2184 3179 2241 3222 et
2273 3172 2325 3221 in
2358 3185 2445 3222 ne-

1381 3246 1558 3310 gotiis,
1578 3253 1634 3296 et
1657 3248 1712 3296 in
1734 3245 1950 3296 consilio
1975 3246 2183 3310 publico
2204 3247 2445 3313 college,

1382 3328 1474 3370 aut
1496 3329 1644 3372 certe
1674 3322 1821 3386 quasi
1856 3322 2069 3386 collegae
2104 3324 2304 3374 censeri
2326 3340 2443 3390 pos-

1379 3402 1519 3448 sunt.
1584 3397 1787 3448 Similes
1820 3404 1878 3447 et
1897 3398 2079 3461 legati,
2111 3400 2200 3463 qui
2231 3400 2445 3464 legioni-

1381 3472 1476 3523 bus
1501 3479 1557 3523 et
1578 3474 1734 3523 armis
1769 3481 2027 3538 praeerant
2054 3475 2105 3523 in
2140 3475 2300 3525 certis
2322 3492 2442 3541 pro·

1380 3549 1585 3611 vinciis,
1608 3564 1724 3600 cum
1757 3551 1964 3614 legatus
1984 3552 2269 3601 consularis
2288 3552 2443 3603 habe·

1382 3632 1465 3675 ret
1486 3633 1685 3676 tantum
1697 3626 2112 3691 jurisdictionem
2134 3643 2196 3678 ac
2219 3635 2444 3693 potesta-

1384 3710 1488 3752 tem
1521 3704 1576 3753 in
1620 3703 1954 3753 conventibus
1985 3709 2041 3753 et
2066 3705 2306 3768 judiciis3
2340 3719 2440 3754 non

1383 3795 1506 3830 vcro
1528 3781 1887 3830 auctoritatem
1920 3782 1972 3830 in
1995 3783 2176 3831 castris
2195 3788 2286 3831 ant
2308 3794 2443 3844 prae·

1380 3856 1553 3908 sidiis:
1580 3856 1715 3922 quod
1737 3864 2000 3921 repertum
2019 3865 2133 3907 erat
2154 3873 2185 3905 a
2202 3855 2442 3919 Caligula

1380 3932 1430 3980 in
1456 3930 1655 3994 Africa,
1689 3933 1848 3981 exitio
1889 3932 2206 3995 privatorum
2237 3936 2291 3978 et
2315 3926 2440 3976 Rei-

1379 4007 1507 4072 pub.
1573 4006 1785 4057 Possint
1807 4008 1965 4057 etiam
1992 4013 2047 4056 et
2080 4006 2178 4069 ipsi
2201 4017 2443 4068 procura·

1381 4089 1520 4133 tores
1563 4084 1782 4133 Caesaris
1818 4083 1922 4132 dici
1959 4083 2150 4143 collega
2189 4079 2441 4142 aliquate-

1380 4175 1494 4222 nus,
1518 4161 1626 4226 qui,
1645 4160 1770 4209 licet
1794 4157 2062 4208 inferiores
2099 4154 2350 4218 dignitate
2383 4159 2443 4204 et

1379 4238 1673 4302 splendore,
1714 4242 1942 4287 attamen
1986 4231 2241 4300 potentia,
2272 4230 2440 4300 gratia
