3000 4859
966 372 1413 437 causianis„
1441 372 1607 427 can.
1651 361 1761 426 40.
1858 375 1864 380 ’

2297 361 2516 442 ΜΒ.

268 512 659 592 hominum:
713 512 934 580 invehi
987 511 1302 599 populis}
1357 501 1828 590 arbitrantur..
1898 519 2025 588 Est
2057 521 2163 614 1⁵¹²
2229 521 2486 594 insula!
2507 477 2534 624 ὲ

268 733 419 780 καί.
486 728 581 777 Est
604 730 659 779 in
678 730 835 780 inula
859 729 1033 779 Oceani
1050 733 1231 780 cadum
1250 744 1427 794 nemas,
1444 738 1748 798 mensusque
1770 733 1822 785 in
1842 749 1895 785 eo
1916 750 2102 800 eunus,
2121 741 2247 786 besta
2283 752 2469 802 cooper-

1206 874 1412 894 ”NON

1278 935 1323 1002 's

1414 874 1530 895 Ouo
1537 876 1566 896 Ο

274 992 511 1046 flerthus
534 995 717 1046 eadem
758 1002 842 1047 est
872 1011 933 1047 ae
968 987 1147 1061 ceres,
1180 1003 1271 1048 aut
1302 996 1517 1065 Cybele,
1552 997 1754 1051 Groeet»
1789 1000 1945 1052 dieta
1968 981 2378 1068 Δημήτηρ’ᾳιιαεὶ
2413 1001 2486 1068 γῆ

1254 1201 1474 1255 ΝΟΤΕ
1515 1237 1529 1248 .

275 1349 431 1401 nio-et
453 1349 593 1401 diem
614 1349 832 1413 origine.

343 1434 365 1460 ⁸
383 1426 679 1477 [devenire
697 1427 837 1478 rebus
855 1426 1112 1492 honam]
1146 1427 1338 1492 Hujus·

276 1501 419 1551 modi
441 1501 684 1561 Numina,
706 1503 722 1531 ‘
745 1503 1035 1566 penetrales
1047 1503 1336 1554 Germaniae

281 1577 444 1628 Deos’
466 1578 774 1643 appellabat
797 1579 1055 1630 Arminius
1070 1595 1225 1644 supra
1246 1581 1277 1628 l.
1300 1596 1337 1632 1.

276 1653 418 1720 ᾼυο.
441 1655 493 1704 in
516 1670 737 1720 quorum
772 1661 982 1705 numero
1004 1657 1200 1706 censeri
1226 1672 1339 1720 pos-

279 1730 349 1781 sit
372 1731 469 1780 ista
490 1731 602 1780 haec
636 1733 779 1793 Dea,
809 1732 1066 1793 Her-thum,
1102 1734 1212 1783 scil.
1249 1747 1342 1781 seu

284 1805 431 1855 Terra
450 1811 623 1869 meter,
643 1812 704 1855 ut
725 1813 782 1855 et
807 1808 910 1856 ista
931 1807 1043 1871 ipsa
1067 1823 1203 1872 quaa,
1225 1805 1347 1872 spea'

281 1881 362 1934 eie
384 1881 604 1931 bumana
624 1880 804 1946 major,
827 1885 1047 1935 Drusum
1072 1884 1342 1935 Germani-

284 1970 402 2006 cum
448 1955 631 2006 Latino
668 1971 917 2022 sermone,
954 1973 1020 2009 ue
1064 1960 1346 2025 ignoraret,

284 2033 614 2083 retrocedere
625 2033 799 2097 jussit,
820 2050 933 2085 cum
958 2037 1191 2087 vinceret
1215 2037 1346 2101 ipse,

285 2118 337 2160 et
354 2110 582 2173 penitius
600 2109 911 2174 irrumperet
927 2113 974 2161 iu
998 2113 1346 2164 Germaniam.

286 2187 373 2238 De
407 2202 511 2252 qua
539 2202 596 2236 re
632 2188 708 2237 sic
745 2187 846 2237 Dio
879 2190 914 2239 l.
936 2203 1019 2240 ιν.
1048 2190 1063 2218 ‘
1090 2188 1346 2253 Visurgim

286 2260 475 2312 trmtra
530 2263 772 2326 trajicere
822 2270 1055 2326 conatus,
1099 2266 1349 2330 trophaeis

290 2337 613 2398 constitutis,
631 2337 864 2388 recessit.
928 2339 1134 2388 Etenim
1168 2341 1350 2391 mulier

290 2412 526 2477 qnaedam
565 2411 788 2460 bumana
829 2413 1045 2476 amplior
1097 2413 1261 2466 forma
1300 2416 1351 2465 ei

292 2487 495 2538 obviam
519 2486 682 2548 faeta,
696 2488 892 2550 Druse,
914 2489 1101 2554 inquit,
1119 2505 1221 2554 quo
1242 2497 1350 2539 tan·

290 2563 405 2615 dem
420 2561 725 2615 contendis?
751 2578 844 2613 cur
860 2566 1052 2614 nullum
1074 2572 1178 2615 tuae
1196 2567 1352 2616 ambi-

292 2640 417 2690 tioni
461 2638 672 2688 modum
718 2639 935 2688 statuis?
1002 2642 1135 2691 Haec
1179 2641 1351 2690 omnia

291 2714 465 2764 videre
493 2721 545 2764 te
568 2711 678 2763 fata
703 2719 900 2763 vetant.
967 2714 1103 2766 Quin
1128 2716 1212 2764 abi
1236 2717 1352 2765 hinc

292 2798 345 2840 et
380 2788 589 2840 recede.
658 2790 794 2839 Nam
836 2789 929 2838 tibi
967 2798 1022 2839 et
1068 2791 1354 2841 facinorum

294 2865 520 2930 bellique
537 2870 593 2922 et
616 2864 738 2914 vitae
752 2861 869 2914 finis
886 2865 1130 2916 imminet.
1165 2868 1353 2916 Mirum

293 2948 349 2990 ut
384 2955 502 2990 cum
541 2940 763 3006 manime
801 2945 899 3002 est,
936 2941 1069 2990 hanc
1106 2925 1289 2992 voceuf
1308 2945 1355 2992 ei

293 3029 404 3066 esse
427 3014 658 3065 oblatam
682 3013 750 3064 ab
769 3014 938 3079 aliquo
959 3016 1197 3067 Numine.
1256 3017 1358 3066 Ne·

294 3089 395 3156 que
421 3096 597 3140 tamen
619 3088 774 3139 fidem
797 3091 1048 3155 abrogare
1083 3091 1207 3142 lieet
1239 3093 1356 3144 huic

296 3169 389 3228 rei,
410 3180 565 3232 quam
605 3167 783 3216 statim
821 3166 1175 3230 comprobavit
1209 3183 1357 3218 even·

296 3250 394 3295 tus.
463 3243 677 3308 Quippe
698 3243 872 3294 statim
904 3246 1199 3294 retrocessit
1218 3247 1357 3295 Dru-

298 3337 397 3385 sus,
418 3325 477 3372 et
498 3321 551 3369 in
575 3322 763 3370 itinere
795 3321 974 3372 morbo
997 3322 1235 3385 decessit,
1256 3323 1360 3387 pri-

299 3411 510 3463 nsquam
529 3398 767 3447 Rhenum
785 3395 1100 3460 attingeret!

358 3473 682 3537 Inter-uenire]
730 3474 829 3523 Ille
872 3475 1195 3525 interventus
1230 3475 1355 3524 Deoe

298 3545 428 3602 sorte
452 3565 613 3600 verno
632 3556 734 3598 tem
744 3563 866 3613 pore
888 3551 1199 3611 celebratus,
1218 3556 1275 3599 ut
1293 3549 1359 3598 de

298 3625 505 3678 Venere
526 3627 704 3678 statim
727 3627 1051 3689 dicetur,aut
1076 3626 1208 3676 forte
1232 3633 1359 3676 tem-

301 3715 427 3766 pore
459 3704 664 3753 incerto
688 3710 743 3751 et
770 3716 860 3764 pro
885 3709 1009 3750 nutu
1038 3702 1188 3752 Deae.
1254 3700 1362 3750 Au-

302 3785 530 3830 tumnum
555 3777 862 3843 ignorabant
880 3777 1126 3828 Germani
1144 3781 1203 3826 nt
1221 3785 1270 3825 et
1288 3777 1363 3840 ip·

301 3855 343 3906 si
362 3854 616 3921 AEgyptii,
633 3854 820 3919 quibus
839 3854 1035 3917 pariter
1058 3853 1365 3904 intervenie-

302 3932 423 3982 bant
459 3932 559 3982 lsis
598 3941 653 3980 et
696 3929 897 3980 Osiris:
932 3928 1068 3994 quod
1110 3934 1260 3992 patet
1298 3943 1364 3977 ex

306 4009 528 4060 Diodoro
548 4008 728 4059 Siculo
750 4007 785 4055 l.
806 4020 844 4056 ι.
877 4005 893 4034 ‘
919 4003 1028 4056 Hos
1051 4008 1192 4056 Deos
1225 4008 1366 4071 [Osi-

304 4085 461 4137 tidem
495 4091 550 4134 et
588 4082 806 4145 Isidem,
839 4098 931 4133 seu
967 4083 1140 4134 Solem
1175 4091 1230 4133 et
1268 4085 1367 4134 Lu·

298 4162 441 4226 uam]
474 4159 741 4220 arbitrati,
777 4167 1010 4209 asserunt
1034 4161 1145 4210 illos
1168 4159 1366 4208 univer-

304 4252 411 4294 sam
442 4236 725 4290 circumire
765 4235 963 4301 orbem,
994 4251 1055 4287 ae
1090 4236 1287 4288 nutrire
1313 4241 1369 4286 et

1416 1363 1607 1414 angere
1646 1351 1836 1414 omnia,
1874 1351 2040 1401 tribus
2078 1351 2199 1400 anni
2239 1353 2488 1418 tempori-

1416 1428 1531 1491 bus,
1567 1436 1710 1479 motu
1750 1429 1992 1479 contiuuo
2034 1425 2363 1491 perficientes
2405 1445 2488 1481 or-

1417 1504 1554 1564 bem,
1582 1519 1727 1567 vere,
1748 1510 1930 1560 oestate
1952 1517 2012 1554 ac
2036 1504 2252 1568 hyeme:
2320 1505 2390 1555 Et
2409 1504 2484 1554 in-

1418 1575 1501 1629 fra
1517 1580 1602 1630 ubi
1622 1580 1687 1630 de
1709 1580 1955 1631 Pallade:
1990 1582 2005 1607 ⁸
2025 1579 2260 1629 Eandem
2282 1580 2478 1630 dictam

1420 1655 1534 1705 esse
1576 1655 1935 1721 tergeminam,
1968 1663 2186 1719 propter
2227 1657 2328 1705 tria
2368 1656 2488 1706 anui

1422 1733 1677 1795 tempora,
1700 1745 1809 1792 ver,
1834 1734 2091 1794 estatem,
2108 1729 2382 1795 hyemem?

1487 1804 1508 1839 s
1537 1807 1701 1857 Inveni
1735 1805 1941 1870 populis]
1994 1806 2083 1856 Sic
2128 1813 2184 1856 et
2221 1809 2487 1858 Venerem

1423 1899 1549 1934 vere
1571 1899 1703 1934 novo
1738 1883 1964 1933 revisere
2000 1883 2174 1933 orbem
2208 1881 2487 1934 finxerunt.

1425 1961 1617 2011 Athen.
1641 1965 1690 2011 9.
1720 1959 1737 1988 ‘
1761 1957 1842 2008 Ad
1865 1959 2108 2023 Erycem,
2129 1959 2324 2009 Siciliae
2349 1973 2492 2010 mon-

1428 2042 1555 2096 tem,
1578 2036 1702 2084 stati
1726 2034 1930 2099 quidam
1948 2040 2067 2083 sunt
2086 2033 2196 2083 dies
2217 2034 2493 2100 (buy-mar

1426 2118 1638 2173 vocant,
1662 2125 1752 2161 seu
1769 2110 2048 2160 discessum
2067 2126 2096 2160 a
2111 2109 2291 2176 portu)
2307 2112 2492 2176 quibus

1430 2187 1573 2237 aiunt
1619 2185 1873 2236 Venerem
1914 2187 1967 2236 in
2023 2185 2239 2251 Libyam
2276 2187 2495 2237 descen·

1429 2259 1570 2312 dere.
1638 2263 1812 2313 Nullae
1835 2269 1942 2313 tum
1961 2262 2102 2314 circa
2126 2277 2242 2312 eum
2267 2270 2493 2314 tractum

1431 2339 1679 2389 columba
1716 2346 1989 2406 apparent,
2023 2345 2265 2403 tanquam
2301 2337 2504 2389 aheim-⁴¹

1432 2421 1535 2464 tem
1563 2429 1779 2479 peregre
1802 2417 1971 2465 Deam
1994 2416 2273 2464 comitatae.
2340 2417 2388 2465 N
2395 2431 2495 2467 ono

1430 2496 1549 2554 post
1574 2490 1679 2553 die,
1701 2489 1836 2555 quod
1864 2497 2065 2554 tempus
2104 2490 2384 2552 καταγώγια
2408 2506 2496 2542 no-

1430 2567 1645 2626 minant,
1670 2565 1908 2616 columba
1928 2581 1993 2615 ex
2025 2567 2154 2616 mari
2178 2582 2281 2617 una
2312 2581 2500 2632 provo·

1431 2645 1525 2708 lat,
1548 2650 1603 2693 et
1637 2643 1687 2692 in
1726 2645 1856 2695 Deae
1893 2645 2143 2707 templum
2179 2659 2237 2693 se
2273 2644 2497 2708 recipit:

1433 2724 1720 2783 sequuntur
1739 2733 1856 2768 mox
1882 2719 2016 2771 aliae.
2080 2720 2214 2769 Tum
2241 2725 2500 2785 quotquot

1433 2795 1604 2843 locum
1650 2808 1765 2844 eum
1822 2794 2258 2846 circumhabitant
2312 2789 2498 2844 divites*

1436 2868 1809 2918 convivantur:
1863 2870 2029 2917 ceteri
2074 2868 2183 2918 teti
2228 2869 2502 2932 plaudunt,'

1437 2945 1643 3007 oletque
1667 2945 1931 2992 universus
1953 2944 1997 2991 is
2018 2948 2215 2993 tractus
2235 2943 2500 3008 butyrum,

1440 3018 1574 3083 quod
1600 3024 1900 3081 argumento
1935 3019 2031 3080 est,
2065 3020 2234 3066 Deam
2269 3017 2501 3068 reverti-³

1439 3097 1508 3145 Et
1531 3094 1802 3143 Lucretius
1821 3092 1888 3142 de
1906 3107 2074 3144 rerum
2091 3101 2276 3144 natura
2292 3109 2499 3147 carmen

1439 3184 1668 3234 pangens
1689 3184 1720 3218 a
1742 3169 1946 3219 Venere
1971 3171 2346 3234 procreationis
2369 3187 2505 3235 pra·-

1440 3245 1549 3294 side
1575 3244 1953 3308 proficiscitur3
1987 3260 2140 3310 qnam
2168 3246 2333 3297 Deam
2359 3254 2502 3297 vete·

1439 3336 1544 3380 res,
1566 3334 1688 3370 vere
1710 3336 1863 3383 novo,
1897 3321 1962 3370 ad
1987 3336 2156 3371 rerum
2179 3323 2421 3386 originem
2446 3331 2503 3375 et

1441 3396 1735 3447 animalium
1769 3397 2037 3448 libidinem
2068 3398 2406 3462 incitandam,
2428 3416 2506 3451 so·

1436 3472 1581 3522 litam
1620 3487 1732 3523 esse
1773 3479 1936 3524 terras
1970 3481 2026 3524 et
2062 3474 2225 3524 maria
2255 3477 2501 3539 revisere3

1440 3554 1493 3597 et
1514 3548 1751 3597 maritare
1776 3549 2045 3612 quotannis
2069 3550 2368 3601 credebant.
2417 3553 2501 3601 Sic

1440 3625 1528 3673 ille
1552 3631 1728 3674 vates:
1764 3627 1779 3654 ⁸
1797 3627 1888 3689 Te,
1909 3627 2047 3688 Dea,
2068 3633 2121 3675 te
2145 3625 2346 3690 fugiunt
2380 3641 2502 3677 ven·

1441 3701 1505 3758 ti,
1564 3707 1616 3750 te
1683 3699 1860 3749 nubila
1931 3700 2047 3751 coeli
2103 3700 2501 3766 Adventumque

1445 3778 1624 3838 tuum,’
1646 3780 1748 3826 διο.
2499 3788 2503 3793 ·

1510 3863 1536 3898 ⁸
1559 3856 1740 3921 hamio]
1775 3856 1992 3907 Herthae
2015 3855 2198 3916 insula,
2217 3855 2501 3903 suevorum

1443 3931 1611 3995 gentis
1635 3933 1686 3981 in
1709 3932 1834 3981 mari
1860 3932 2093 3992 Suevico‚
2113 3937 2166 3979 et
2186 3942 2347 3992 prope
2362 3937 2504 3976 oram

1446 4007 1738 4057 Germaniae
1777 4020 2007 4068 magnae3
2040 4004 2190 4053 hodie
2224 4002 2395 4063 Rugen
2428 4001 2503 4064 in·

1445 4086 1559 4135 sula
1580 4079 1917 4145 Po'ruerauiae,
1939 4090 1994 4134 et
2015 4082 2169 4132 maris
2189 4076 2427 4138 Balthici,
2448 4077 2504 4127 in

1446 4161 1639 4213 circulo
1661 4160 1892 4210 Saxoniae
1916 4155 2216 4220 superioris:
2252 4161 2402 4218 paret
2423 4166 2504 4203 re·

1446 4237 1497 4303 gi
1519 4237 1733 4288 Sueciae.
1773 4232 2087 4286 numenius.
2425 4229 2432 4236 '
