3000 4859
472 344 646 413 3270

1183 362 1246 411 Ο.
1293 359 1654 409 CORNELII
1703 357 1958 409 'rael'rl

470 523 704 589 parum
748 502 1064 585 comperi,
1117 501 1246 566 nisi
1277 501 1455 586 quod
1485 503 1748 584 signum
1779 504 2022 586 ipsum,
2069 502 2136 568 in
2163 503 2433 568 modum
2461 503 2669 568 libur-

473 705 661 755 initiam
688 705 844 756 fuerit
866 712 1105 756 extraneo.
1133 708 1374 770 religioni,
1406 708 1499 757 nisi
1522 709 1643 771 quod
1662 708 1960 760 siminorum
1982 708 2152 770 ipsum,
2186 709 2237 756 in
2257 710 2454 771 :peciam
2475 706 2673 757 libum

1457 884 1678 935 NOTAE

472 998 612 1048 tione
652 998 867 1047 Romani
900 1013 1084 1048 nomen
1116 999 1384 1048 Castorum
1417 1000 1524 1048 Nu·

468 1087 691 1138 meoque
731 1072 999 1136 effinxere,
1037 1075 1165 1124 licet
1212 1075 1350 1138 apud
1392 1074 1524 1123 Ger-

471 1163 647 1199 manos
681 1151 782 1201 boe
812 1164 998 1199 nomen
1038 1151 1344 1213 Nomenque
1388 1160 1525 1200 esset

470 1238 654 1274 revera
706 1225 1039 1288 incognitum.
1132 1227 1267 1276 Nam
1322 1232 1524 1276 tantum

468 1298 751 1356 similitudo
772 1300 944 1364 aliqua
965 1301 1137 1349 cultos
1159 1308 1215 1350 et
1235 1300 1523 1350 veneratio-

468 1375 548 1423 nis
563 1373 682 1436 fnit,
704 1375 827 1439 quia
846 1374 1034 1425 fratres
1054 1375 1369 1426 colebantur.
1435 1376 1524 1426 Ita

468 1448 608 1500 forte
629 1457 684 1501 et
701 1452 769 1500 de
793 1450 935 1499 Iside
955 1451 1058 1501 dici
1081 1452 1177 1500 boc
1198 1451 1313 1501 loco
1336 1452 1523 1514 possit,

466 1538 570 1575 non
608 1525 846 1576 babuisse
881 1541 996 1576 eam
1030 1528 1201 1577 Deam
1245 1526 1298 1575 id
1338 1540 1524 1577 nomen

471 1602 610 1665 apud
648 1602 958 1664 Germanos,
1006 1615 1176 1665 neque
1219 1616 1401 1651 revera
1439 1602 1525 1650 liic

468 1677 665 1726 cultam
687 1675 878 1726 Isidem
904 1678 1070 1726 Deam
1092 1676 1296 1726 nomine
1317 1685 1408 1726 aut
1431 1691 1485 1726 re
1505 1693 1521 1737 ς

469 1750 562 1802 aed
585 1751 749 1801 simile
785 1751 991 1817 aliquod
1033 1754 1256 1815 Numen,
1295 1754 1434 1817 quod
1455 1767 1524 1803 ex

468 1842 562 1877 suo
595 1842 737 1878 moro
773 1834 831 1878 et
868 1828 1076 1891 ingenio
1116 1829 1330 1878 Romani
1369 1828 1525 1878 inler-

468 1904 808 1968 pretabantnr
840 1902 1050 1962 Isidem,
1094 1904 1207 1954 scil.
1242 1917 1309 1952 ex
1352 1902 1522 1967 effigie

466 1993 557 2029 seu
579 1978 785 2042 navigio
806 1977 914 2039 illo,
945 1992 1046 2028 non
1069 1985 1244 2029 autem
1264 1993 1330 2028 ex
1352 1978 1526 2044 effigie

466 2053 721 2103 muliebri.
794 2053 1003 2117 Quippe
1041 2054 1181 2103 nulla
1215 2055 1355 2118 apud
1394 2056 1524 2104 Ger-

466 2143 645 2182 manos
667 2130 721 2179 in
754 2129 949 2179 hnmani
979 2131 1080 2179 oris
1109 2130 1305 2193 speeiem
1329 2130 1523 2181 assimi-

464 2207 567 2277 lata
612 2205 857 2255 Numina.
935 2206 1117 2270 Neque
1159 2207 1274 2269 ipse
1314 2207 1523 2257 Tacitus

466 2280 616 2343 dicit,
650 2278 809 2331 fuisse
836 2280 1028 2331 cultam
1051 2282 1225 2332 Isidem
1255 2283 1524 2345 Pelagium,

467 2362 559 2406 aut
593 2356 836 2418 navigium
879 2356 1027 2406 Isidis
1061 2357 1336 2408 celebrari.
1413 2359 1520 2408 Sed

466 2435 665 2480 tantum
706 2443 772 2480 ex
810 2430 979 2495 figura
1013 2432 1231 2483 liburnae
1269 2434 1522 2499 interpre-

469 2510 628 2570 tatur,
668 2511 725 2556 et
756 2507 974 2570 conjicit
993 2505 1153 2557 finisse
1191 2510 1432 2559 edomans
1463 2517 1520 2560 et

466 2583 789 2647 peregrinam
807 2597 922 2633 eam
943 2584 1230 2646 religionen.
1296 2587 1365 2636 Et
1382 2586 1520 2636 forte

462 2660 732 2710 colebatur
780 2661 879 2710 boc
917 2661 1122 2712 Numen
1159 2662 1523 2713 Germanicum

468 2736 571 2786 alio
594 2736 861 2798 vocabulo,
897 2737 999 2787 alio
1036 2739 1196 2801 cultu,
1233 2745 1290 2788 et
1312 2740 1444 2789 votis
1466 2741 1522 2790 in

462 2812 601 2868 aliud
637 2811 988 2873 tendentibus,
1021 2827 1168 2877 quam
1196 2813 1296 2864 Isis
1331 2814 1398 2865 ab
1436 2817 1522 2865 ΙΕ-

463 2887 656 2953 gyptiis
689 2895 779 2939 aut
808 2889 1067 2940 Romanis.
1137 2890 1383 2942 Attamen
1422 2894 1517 2944 Ta-

462 2963 598 3014 citus
631 2971 813 3028 aperte
847 2965 993 3025 dicit,
1031 2966 1188 3018 fuisse
1216 2969 1521 3031 peregrinum

460 3053 663 3101 mm,
694 3048 752 3090 et
772 3042 964 3106 quoerit
996 3045 1276 3093 mecona·
1305 3048 1354 3093 et
1384 3044 1520 3106 origo

460 3113 592 3164 illius
632 3115 770 3178 apud
815 3116 1116 3166 Germanos.
1204 3117 1394 3182 ltaque
1432 3119 1518 3168 vel

462 3189 579 3253 ipsa
615 3191 714 3240 Isis
736 3191 854 3240 Dea
886 3205 950 3239 eo
983 3192 1189 3242 nomine
1211 3194 1355 3242 culta
1376 3193 1517 3258 apud

463 3264 603 3327 illos,
616 3266 698 3314 vel
720 3272 865 3315 certe
884 3266 1047 3315 simile
1063 3266 1270 3330 aliquod
1292 3269 1520 3331 Numen,

459 3339 730 3405 simileque
750 3340 888 3391 forte
907 3342 1230 3407 aliquatenus
1257 3342 1517 3407 AEgyptiis

459 3421 519 3470 et
537 3415 737 3466 Graecia
755 3416 939 3474 ritibus
955 3432 1158 3469 sacrum
1176 3419 1299 3468 illud
1320 3418 1439 3469 fuit.

527 3491 671 3554 Isidi]
725 3492 945 3544 Diodor.
981 3495 1142 3543 Sicul.
1185 3494 1325 3545 Hist.
1359 3494 1448 3544 lib.
1472 3509 1512 3544 ι.

456 3567 475 3602 ⁴
498 3566 680 3619 omnis
698 3566 862 3618 ferme
883 3570 1022 3619 orbis
1040 3570 1170 3619 banc
1195 3570 1360 3619 Deam
1396 3569 1518 3633 [lsi-

459 3642 599 3707 dem,
631 3646 842 3709 nempe]
871 3645 1015 3708 colit,
1038 3652 1254 3710 propter
1274 3645 1516 3696 manifes-

457 3725 539 3774 tas
577 3719 692 3784 ejus
734 3721 1027 3771 morborum
1069 3735 1239 3771 curas.
1304 3721 1513 3772 Etenim

454 3796 511 3846 in
531 3795 724 3846 somnis
758 3796 896 3845 illam
918 3796 1099 3846 dicunt
1134 3812 1236 3847 non
1261 3804 1403 3847 recte
1424 3813 1514 3847 va·

455 3871 669 3922 lentium
698 3870 887 3921 morbis
910 3871 1099 3921 auxilia
1120 3870 1375 3935 praebere.
1442 3873 1515 3922 Et

454 3946 544 4012 qui
561 3947 674 4011 eJ‘us
689 3945 897 3996 monitis
917 3946 1299 4010 obtemperent,
1315 3952 1514 4011 praeter

454 4020 750 4084 opinionem
772 4021 961 4086 curari,
980 4022 1137 4071 etiam
1169 4035 1382 4086 qnorum
1405 4037 1513 4071 me-

454 4095 559 4144 dici
579 4097 797 4147 salutem
819 4097 1159 4162 desperarint.
1224 4098 1350 4147 Visu
1386 4112 1513 4163 quo-

452 4181 554 4237 qne
576 4177 666 4226 aut
687 4173 789 4224 alia
818 4172 1065 4240 quapiam
1097 4173 1333 4238 corporis
1360 4180 1512 4240 parte

1605 995 1822 1059 debiles,
1857 997 1966 1060 ejus
2001 998 2134 1046 Deae
2172 1011 2358 1045 numen
2393 996 2669 1060 imploran-

1605 1080 1705 1136 tes,
1737 1074 1790 1121 in
1828 1073 2096 1136 pristinam
2128 1072 2472 1123 valetudinem
2517 1074 2667 1123 resti-

1606 1149 1856 1197 tuuntur.'
1937 1148 2067 1211 Ejus
2112 1148 2289 1198 tutela
2330 1147 2486 1197 etiam
2527 1163 2670 1198 com·

1599 1224 1742 1272 missi
1766 1230 1916 1272 erant
1935 1223 2258 1286 navigantes,
2279 1228 2337 1271 ut
2359 1221 2541 1272 scribit
2563 1224 2669 1273 Lu-

1604 1299 1796 1348 cianus.
1865 1299 2038 1349 Etiam
2076 1305 2133 1349 et
2166 1298 2488 1348 medicamen
2508 1298 2669 1350 dabat

1603 1373 1668 1422 ad
1689 1373 2131 1423 immortalitatem
2147 1372 2554 1436 adipiscendam.
2580 1374 2668 1424 Sic

1604 1450 1726 1498 vitae
1750 1449 1982 1500 restituit
2002 1449 2159 1500 filium
2184 1448 2348 1498 Orum
2388 1455 2670 1511 mortuum,

1604 1531 1661 1573 et
1701 1524 2088 1574 immortalitate
2144 1522 2374 1590 donavit,
2427 1523 2666 1574 Diodoro

1605 1606 1753 1650 teste.

1665 1677 1885 1728 Diodor.
1906 1678 2060 1728 Sicnl.
2099 1675 2239 1728 Hist.
2281 1676 2314 1726 l.
2339 1690 2377 1727 1.
2410 1676 2426 1705 ‘
2452 1676 2666 1740 Isidem,

1603 1752 1692 1801 alii
1735 1754 1999 1814 Cererem,
2054 1752 2260 1816 quidam
2315 1751 2669 1815 Thesmopho-

1603 1842 1730 1891 ram‚
1753 1829 1837 1878 alii
1872 1830 2087 1889 Lunam,
2121 1828 2352 1877 nonnulli
2383 1828 2667 1890 Junonem,

1604 1904 1691 1953 alii
1716 1905 1813 1953 alio
1837 1906 2045 1954 nomine
2066 1903 2370 1968 appellant.’
2435 1903 2552 1955 Nec
2572 1902 2667 1952 mi-

1603 1993 1715 2027 rum
1739 1980 1804 2028 de
1827 1981 1999 2029 multis
2036 1979 2164 2028 Deae
2199 1977 2508 2040 nominibus,
2541 1994 2665 2029 cum

1605 2068 1702 2118 per
1722 2054 1984 2105 osiridem
2011 2054 2363 2119 intelligerent
2382 2054 2573 2117 Solem,
2607 2061 2666 2104 et

1602 2143 1698 2192 per
1718 2130 1929 2189 Isidem,
1963 2137 2152 2179 terram
2181 2144 2269 2180 seu
2293 2136 2529 2180 naturam
2554 2130 2670 2180 uni·

1602 2219 1820 2269 versam,
1843 2214 1900 2255 ut
1925 2205 2206 2256 videbimus
2230 2203 2381 2255 infra.

1666 2281 1934 2331 Plutarch.
1958 2281 2049 2331 lib.
2069 2282 2132 2330 de
2153 2281 2324 2332 Iside:
2344 2283 2360 2308 ‘
2373 2282 2674 2345 Templum,

1601 2358 1742 2422 quod
1757 2347 1848 2407 ‘Sai
1872 2366 1954 2408 est
1978 2358 2247 2420 Minerva,
2268 2373 2420 2422 qnam
2444 2357 2663 2408 eandem

1600 2449 1717 2484 cum
1762 2433 1899 2482 Iside
1939 2433 2270 2496 arbitramur,
2311 2435 2441 2483 hanc
2478 2433 2666 2485 habuit

1598 2507 2014 2571 inscriptionem:
2053 2510 2167 2572 Ego
2190 2525 2300 2558 sum
2332 2524 2483 2560 omne
2521 2510 2665 2574 qnod

1600 2586 1795 2652 extitit,
1840 2592 1942 2647 est,
1988 2594 2044 2636 et
2082 2586 2218 2636 erit:
2269 2600 2540 2651 meumque
2574 2601 2668 2652 pe-

1601 2661 1761 2724 plum,
1786 2675 1878 2710 seu
1899 2663 2088 2723 velum,
2112 2676 2261 2712 nemo
2288 2663 2453 2712 adhuc
2475 2671 2666 2714 morta·

1599 2736 1723 2786 lium
1745 2737 1982 2787 detexit?
2013 2738 2126 2787 Sais
2151 2737 2276 2787 urbs
2294 2738 2392 2787 fuit
2412 2739 2642 2803 AEgypti.

1664 2810 1808 2873 Isidi]
1841 2811 2109 2862 Plutarch.
2131 2813 2311 2862 eodem
2337 2814 2426 2862 lib.
2464 2816 2479 2842 ‘
2508 2816 2663 2866 Hanc

1597 2889 1767 2937 Deam
1791 2888 2046 2952 AEgyptiis
2068 2888 2277 2938 celebre
2307 2889 2512 2939 Numen
2533 2888 2663 2941 fuis·

1597 2978 1652 3013 se
1687 2971 2007 3026 asseverant,
2038 2965 2186 3027 cnjus
2227 2964 2557 3014 simulacrum
2596 2965 2664 3015 si·

1596 3037 1760 3088 nistra
1781 3039 2031 3102 scyphum
2052 3044 2217 3100 tenet,
2233 3038 2421 3088 dextra
2436 3038 2663 3103 sistrum,

1599 3113 1696 3163 boc
1730 3121 1811 3163 est
1850 3127 2049 3163 ameum
2085 3112 2481 3177 crepitaculum,
2519 3115 2662 3178 quod

1597 3204 1700 3239 non
1722 3190 1926 3254 spiritu,
1945 3191 2038 3241 sed
2062 3197 2204 3241 motu
2223 3206 2524 3242 concussum
2549 3207 2666 3256 per-

1598 3273 1782 3314 sonat:
1819 3265 1888 3315 ab
1930 3267 2136 3331 illisque
2181 3266 2282 3316 Isis
2317 3267 2489 3327 dicta;
2523 3270 2662 3333 Dea,

1597 3340 1680 3390 cui
1715 3340 1991 3404 pervigilia
2020 3340 2367 3412 excubioeque
2388 3350 2660 3394 nocturum

1597 3429 1629 3463 a
1663 3415 1849 3477 puellis
1887 3426 2226 3480 peraguntur.
2292 3417 2453 3481 Cujus
2489 3431 2660 3469 sacer·

1595 3488 1744 3538 dotes
1777 3491 1915 3542 linea
1951 3493 2129 3541 amicti
2160 3494 2316 3558 stola,
2351 3507 2445 3556 per
2481 3493 2660 3544 urbem

1594 3568 1831 3631 lugentes
1867 3569 2203 3633 vagabantur.
2270 3572 2399 3619 Mox
2433 3572 2544 3620 laeti
2576 3587 2662 3622 sa·

1594 3657 1685 3693 cra
1708 3642 2015 3706 perficiunt:
2051 3645 2099 3692 in
2123 3646 2270 3709 cujus
2294 3643 2447 3709 festo,
2480 3648 2566 3711 qni
2589 3663 2658 3697 ex

1593 3718 1811 3782 collegio
1848 3726 1969 3769 sunt
1990 3721 2314 3783 sacerdotes,
2337 3722 2562 3771 diversas
2585 3721 2662 3773 fa·

1593 3795 1699 3844 cies
1721 3794 2158 3857 induunt,·ornatu
2181 3796 2358 3847 vario:
2389 3812 2504 3847 nam
2526 3800 2658 3849 aliua

1592 3870 1851 3921 incinctus
1876 3863 2067 3934 balteo,
2099 3871 2316 3922 militem
2346 3873 2486 3935 agit:
2525 3876 2658 3925 alius

1594 3948 1847 3997 venabulo
1869 3953 2082 3997 venator
2114 3948 2346 3998 incedit:
2382 3950 2512 3998 alius
2547 3951 2657 4001 lon·

1593 4025 1807 4088 gastola
1823 4023 2083 4074 foeminam
2105 4024 2356 4074 mentitur
2376 4040 2391 4073 ε
2426 4027 2659 4076 nonnulli

1592 4112 1709 4149 cum
1733 4095 1955 4150 fascibus
1977 4099 2288 4163 procedunt,
2303 4099 2450 4150 velut
2471 4102 2659 4165 magis·

1591 4179 1778 4226 tratus.
1842 4176 1974 4226 Post
2005 4189 2122 4242 quae
2154 4174 2395 4226 mulieres
2417 4169 2657 4234 candidis
