3000 4859
978 371 1417 437 naumann,
1476 375 1643 426 est».
1683 362 1796 428 37.

2310 371 2486 440 3371

275 501 585 587 Panem),¹
608 509 790 576 infra
818 511 1246 581 Ventidium¹¹¹
1270 518 1571 602 dejectus
1618 520 1860 588 Oriens
1910 524 2229 610 objecerit
2244 530 2304 592 ’Π
2392 529 2488 596 At

272 667 523 737 Pacorum,
542 674 677 736 infru
706 675 978 728 Ventidium
1000 681 1316 734 deturbatus?
1380 686 1449 735 At
1475 687 1723 754 Germani,
1741 691 1891 754 pulsis
1912 693 1984 741 cel
2020 694 2171 759 captis
2196 695 2409 746 Carbone
2438 702 2486 745 et

1243 824 1502 845 “ONOOO‘
1510 828 1564 847 ‘O

268 917 515 980 ‚copulam
549 923 619 969 et.
654 917 729 970 At
752 921 867 984 plus
889 922 967 972 vis
990 931 1044 974 et
1061 926 1335 991 elegantia
1359 938 1461 993 est,
1482 934 1526 982 si
1551 933 1758 997 legeris,
1774 941 1822 985 et
1855 937 1971 1000 ipse.
2016 937 2341 988 Brotier.—⁷
2378 939 2482 992 Ms-

1282 1073 1495 1124 NOTAE

278 1171 553 1224 Persarum
566 1189 657 1224 sen
679 1177 1166 1243 Macedonum,cum
1189 1193 1343 1237 antea

276 1249 437 1314 ignoti
459 1260 518 1303 et
540 1254 874 1318 abjectissimi
898 1267 1091 1321 essent,
1111 1263 1208 1313 sibi
1234 1266 1341 1313 vin·

277 1325 585 1392 dicaverint,
641 1335 1068 1396 quemadmodum
1125 1355 1246 1391 mox
1288 1349 1343 1391 et

276 1403 516 1469 Romani,
541 1415 597 1457 et
636 1409 761 1460 illud
805 1411 1077 1477 imperium
1099 1416 1344 1469 defende·

277 1483 378 1532 rint
402 1484 652 1535 adversus
670 1488 772 1537 vim
790 1488 1135 1544 Macedonum
1161 1495 1343 1558 primo,

277 1557 397 1608 dein
439 1562 912 1628 etRomanorum3
956 1576 1013 1619 et
1049 1584 1112 1619 eo
1155 1569 1343 1623 decore

279 1635 458 1685 Parthi
495 1638 742 1689 Romanis
792 1645 1034 1707 aequales,
1095 1645 1342 1697 Germani

277 1724 399 1760 vero
423 1727 547 1762 suos
569 1720 770 1764 tantum
792 1714 919 1767 fines
952 1726 1009 1768 et
1044 1720 1342 1772 libertatem

276 1785 581 1839 defmdere.
648 1791 1130 1855 Imperium-autem
1167 1798 1342 1848 multis

277 1871 454 1927 postea
492 1866 698 1917 sarculis
731 1868 830 1930 illi,
853 1871 934 1919 vel
975 1872 1151 1934 potins
1186 1873 1348 1934 Galli,

276 1941 502 1994 habuere
535 1945 588 1993 in
612 1947 805 1996 Carolo
827 1948 1056 2012 Magn03
1087 1957 1162 2013 at,
1191 1951 1237 2000 si
1258 1951 1343 2000 vel

276 2015 536 2068 boninum
596 2029 702 2070 tum
746 2023 831 2072 vel
870 2023 1094 2075 fatorum
1149 2027 1344 2078 invidia

278 2091 477 2144 Drusos
498 2103 553 2146 et
571 2099 840 2163 praecipue
853 2100 1219 2154 Germanicum
1233 2106 1340 2154 suis

278 2169 568 2236 legionibus
607 2181 665 2225 et
687 2177 921 2228 victoriae
952 2194 1059 2230 suae
1081 2195 1182 2231 non
1206 2183 1342 2232 abri-

279 2247 532 2312 puissent,
554 2251 782 2300 cedebat
818 2260 961 2303 certe
1003 2257 1158 2305 armis
1192 2259 1341 2309 Rom.

280 2324 517 2376 universa
561 2327 863 2393 Germania,
913 2333 1341 2396 quemadmodum

280 2407 331 2450 et
349 2401 540 2454 Gallia.

336 2478 420 2530 Sic
459 2480 661 2531 Justin.
705 2481 741 2530 1.
779 2489 965 2534 xu.l.
1001 2485 1065 2535 de
1105 2486 1337 2540 Parthis:

279 2554 296 2582 ⁴
317 2552 593 2605 Postremo
617 2557 994 2609 Macedonibus
1023 2562 1340 2627 triumphato

283 2629 497 2683 Oriente
533 2633 860 2696 servierunt3
894 2643 954 2686 ut
975 2638 1137 2686 cuivis
1158 2640 1341 2690 mirum

279 2704 535 2770 videatur,
565 2708 632 2756 ad
674 2715 874 2759 tantam
913 2725 1005 2762 eos
1034 2711 1341 2765 felicitatem

281 2793 366 2844 per
386 2784 636 2833 virtutem
660 2792 958 2849 provectos,
992 2797 1049 2838 nt
1085 2790 1342 2854 imperent

281 2858 538 2919 gentibus,
556 2860 653 2907 snb
677 2874 893 2923 quarum
922 2862 1156 2927 imperio,
1181 2867 1342 2916 veluti

279 2935 453 2984 servile
474 2937 668 2999 vulgus
689 2935 853 2988 fuere.
888 2939 937 2988 A
962 2941 1204 2990 Romanis
1220 2957 1342 3007 quo·

279 3022 370 3074 que
412 3010 568 3061 trinis
606 3011 754 3060 bellis
792 3028 886 3077 per
904 3016 1152 3067 maximos
1185 3018 1342 3069 duces

280 3081 658 3137 florsuussimis
723 3090 1045 3153 temporibus
1098 3093 1345 3154 lacessiti,

278 3162 364 3212 soli
394 3179 461 3213 ex
491 3164 737 3215 omnibus
777 3166 1037 3229 gentibus,
1058 3181 1159 3218 non
1193 3184 1343 3234 pares

280 3239 451 3301 solum,
488 3255 680 3291 verum
725 3241 882 3290 etiam
920 3243 1141 3294 victores
1178 3244 1340 3296 fuere.

280 3314 589 3383 Quanquam
623 3317 739 3381 plus
776 3318 953 3381 glorias
985 3319 1071 3378 sit,
1093 3319 1227 3370 lnter
1249 3321 1343 3370 As-

279 3392 411 3453 syrin
445 3389 510 3444 'et
544 3393 763 3443 Medica
802 3394 1115 3460 Persicaque
1154 3411 1343 3447 memo·

276 3474 381 3518 rata
418 3470 544 3519 olim
588 3483 772 3534 regna,
806 3476 861 3520 et
901 3473 1341 3535 opulentissimum

278 3542 406 3594 ame
440 3546 656 3595 urbium
686 3546 1022 3597 Bactrianum
1057 3549 1346 3613 imperium,

280 3631 540 3685 emergere
586 3622 835 3684 potuisse,
878 3638 1027 3687 quam
1069 3625 1346 3689 longinqua

278 3694 409 3747 bella
425 3698 653 3749 vicisse-⁹
689 3699 935 3749 Germani
961 3709 1229 3750 servarunt
1252 3701 1347 3750 illi-

280 3767 448 3821 batam
472 3773 545 3822 ab
569 3773 710 3822 omni
746 3787 859 3822 aevo
895 3774 1204 3825 libertatem.
1273 3775 1347 3826 At

276 3846 450 3898 Parthi
486 3851 653 3902 etiam
693 3849 967 3913 imperinm
1003 3867 1346 3915 occupavere,

275 3923 459 3994 dinque
499 3924 807 3976 defendere.
864 3927 1106 3979 Germani
1152 3937 1345 3979 utrum·

278 4015 375 4068 qne
392 4019 495 4054 non
522 4010 815 4068 potuerunt
842 4005 1049 4069 habere,
1074 4007 1345 4072 imperium

275 4077 419 4130 unul
443 4094 507 4129 ac
532 4081 834 4131 libertatem
856 4096 871 4139 3
906 4095 1003 4131 nec
1019 4085 1099 4132 vel
1123 4084 1174 4132 id
1201 4091 1344 4147 opta-

278 4160 394 4204 rant
430 4162 527 4206 aut
567 4160 864 4217 sperarunt.
922 4157 1037 4207 Nec
1079 4158 1211 4207 enim
1236 4156 1344 4207 fere

276 4237 381 4284 stat
410 4230 567 4292 ferox
606 4243 672 4282 ea
707 4228 918 4284 libertas
954 4247 1073 4285 cum
1110 4233 1347 4300 imperio,

1420 1196 1514 1239 aut
1551 1192 1666 1240 vice
1686 1206 1852 1244 versa.
1907 1194 2129 1244 Nimiam
2168 1201 2484 1260 potestatem

1420 1279 1600 1330 regum
1638 1269 1906 1319 aemulatur
1928 1278 2298 1336 aversaturque
2323 1287 2485 1336 popu-

1421 1341 1604 1391 larium
1630 1344 1868 1411 libertas,
1900 1352 1957 1395 ut
1972 1346 2083 1409 jam
2106 1345 2227 1394 olim
2251 1361 2484 1411 comper-

1423 1423 1533 1466 tum
1578 1425 1659 1468 est
1703 1420 1753 1468 in
1781 1419 2013 1470 Arminio
2051 1429 2105 1471 et
2139 1422 2483 1486 Maroboduo,

1424 1494 1510 1557 qui
1533 1495 1831 1547 libertatem
1848 1496 2212 1548 Germanicam
2231 1513 2483 1563 pressere.

1485 1571 1660 1620 Acrior
1689 1572 1782 1636 est]
1836 1575 2013 1637 Longe
2050 1575 2219 1624 acrius
2256 1590 2483 1640 propug-

1420 1652 1547 1694 nant
1588 1661 1649 1695 ac
1692 1647 1958 1698 vindicant
2001 1649 2295 1700 libertatem
2339 1666 2482 1714 snam

1421 1721 1694 1785 Germani,
1715 1738 1868 1788 quam
1894 1725 2076 1772 Parthi
2097 1725 2368 1789 imperinm
2385 1727 2483 1776 Ar·

1419 1797 1736 1848 saeidarnm:
1763 1806 1997 1863 pugnant
2020 1799 2104 1848 alii
2128 1814 2221 1862 pro
2237 1798 2484 1850 libertate

1421 1872 1589 1935 gentis
1609 1890 1624 1933 3
1658 1873 1767 1935 alii,
1788 1873 1972 1923 Parthi
2013 1875 2119 1924 scil.
2143 1889 2239 1938 pro
2256 1882 2484 1939 potesta-

1420 1955 1474 1996 te
1491 1962 1691 2012 regum,
1712 1957 1767 2000 et
1788 1951 2034 2001 servitute
2063 1952 2383 2016 popularium
2406 1968 2483 2003 as·

1420 2025 1658 2073 serenda.

1486 2097 1500 2131 ¹
1530 2099 1717 2152 Amisso
1738 2107 1786 2151 et
1807 2102 1907 2165 ipso
1930 2102 2135 2166 Pacoro]
2173 2104 2259 2154 De
2283 2118 2383 2168 quo
2407 2104 2481 2153 sic

1419 2174 1613 2227 Justin.
1630 2190 1765 2227 nu.
1788 2183 1836 2228 4.
1859 2181 1874 2206 ‘
1901 2178 2137 2243 Rursum,
2160 2181 2359 2231 Pacoro
2388 2180 2481 2230 du-

1421 2266 1501 2313 ce,
1524 2253 1650 2303 inita
1683 2269 1801 2303 cum
1834 2255 2060 2305 Labieno
2092 2257 2362 2318 societate,
2386 2257 2481 2320 Sy-

1421 2327 1548 2377 riam
1587 2335 1644 2378 et
1675 2328 1850 2380 Asiam
1883 2340 2175 2393 vastavere,
2205 2339 2482 2397 castraque

1420 2403 1678 2468 ventidii,
1715 2407 1803 2470 qni
1845 2414 1960 2469 post
1990 2407 2238 2469 Cassium,
2269 2407 2484 2458 absente

1422 2478 1646 2543 Pacoro,
1681 2481 1966 2532 exercitum
1995 2482 2295 2532 Parthicum
2333 2482 2481 2533 fude-

1419 2563 1522 2620 rat,
1541 2572 1724 2622 magna
1754 2560 1888 2608 mole
1922 2559 2314 2623 aggrediuntur.
2376 2560 2480 2609 Sed

1420 2634 1509 2683 ille
1527 2635 1768 2686 simulato
1791 2634 1996 2697 timore,
2022 2634 2110 2684 diu
2130 2635 2388 2686 continuit
2408 2649 2492 2698 se„

1422 2718 1477 2759 et
1526 2711 1774 2762 insultare
1833 2712 2058 2761 Parthos
2111 2712 2485 2777 aliquantisper

1423 2802 1600 2851 passus
1623 2796 1721 2839 est.
1756 2788 1840 2838 Ad
1865 2797 2175 2853 postremum
2196 2789 2249 2837 in
2272 2800 2482 2838 securos

1422 2865 1669 2929 laetosque
1725 2872 1926 2929 partem
1970 2864 2226 2926 legionum
2270 2863 2480 2912 emisit:

1424 2953 1640 3003 quarum
1663 2939 1861 3001 impetu
1884 2937 1985 2986 fusi
2002 2938 2184 2987 Parthi
2204 2938 2258 2986 in
2275 2936 2484 2988 diversa

1423 3014 1618 3064 abiere.
1682 3014 1926 3074 Pacorus,
1949 3027 2064 3062 cnm
2085 3011 2346 3076 fugientes
2367 3028 2483 3064 snos

1423 3088 1698 3139 abduxisse
1738 3103 1913 3139 secum
1959 3089 2186 3153 legiones
2227 3088 2483 3141 Romanas

1422 3171 1652 3228 putaret,
1691 3171 1863 3213 castra
1897 3162 2149 3227 Ventidii,
2179 3165 2335 3213 veluti
2370 3166 2483 3218 sine

1422 3239 1783 3290 defensoribus
1802 3239 2115 3304 aggreditur.
2147 3240 2281 3289 Tum
2300 3241 2484 3292 Venti-

1416 3316 1539 3374 dius
1579 3316 1780 3382 reliqua
1814 3322 1963 3380 parte
2003 3315 2259 3380 legionum
2282 3318 2432 3369 emiss

1422 3394 1710 3442 universam
1757 3392 2066 3441 Parthorum
2108 3405 2311 3442 manum
2365 3410 2396 3444 c

1423 3483 1546 3532 rege
1569 3468 1682 3533 ipso
1702 3468 1903 3517 Pacoro
1925 3467 2222 3518 interfecit:
2258 3483 2356 3518 nec
2377 3470 2483 3519 ullo

1422 3543 1559 3593 bello
1598 3542 1781 3593 Parthi
1823 3556 2043 3607 unquam
2097 3544 2260 3608 majus
2304 3544 2484 3596 vulnus

1425 3618 1779 3682 acceperunt?

1489 3701 1526 3726 ¹³
1561 3694 1698 3752 Infra
1727 3693 2021 3758 Ventidi-u]
2055 3693 2119 3743 ld
2143 3697 2486 3757 est,aVenti-

1425 3770 1514 3819 dio
1533 3768 1748 3818 Antonii
1784 3768 1957 3832 legato
1988 3777 2280 3834 prostratus
2308 3779 2364 3819 et
2393 3769 2484 3820 de·

1424 3846 1648 3895 bellatus
1696 3839 1918 3895 Oriens:
1975 3844 2121 3896 clade
2172 3860 2254 3904 ea,
2296 3859 2486 3909 nempe

1426 3922 1756 3984 Parthorum,
1773 3930 1830 3972 et
1863 3922 2209 3972 internecione
2239 3922 2368 3970 tanti
2404 3935 2485 3970 re·

1428 3999 1525 4063 gis,
1558 4000 1706 4064 quasi
1740 4000 2062 4062 proculcatus
2097 4003 2152 4047 et
2182 3993 2487 4060 profligatus

1426 4082 1567 4134 totus
1590 4077 1797 4128 Oriens.

1497 4150 1791 4213 Ventidium]
1842 4151 1927 4200 De
1962 4163 2064 4214 qno
2087 4145 2285 4196 Plinius
2323 4147 2359 4197 l.
2383 4161 2487 4202 vu.

1424 4232 1510 4281 43.
1525 4234 1559 4288 ,⁴
1583 4227 1924 4293 Triumphare
1947 4224 2013 4274 de
2037 4220 2244 4274 Parthis
2263 4221 2329 4273 P.
2345 4224 2488 4279 ven,
