3000 4859
535 395 720 465 8482
915 485 920 492 ο
1135 484 1145 494 ·
1255 413 1323 462 c.
1367 409 1731 461 connum!
1775 395 2030 459 rAcm

541 547 915 641 prudentia,
967 554 1383 632 abstinentia,
1432 555 1746 638 aequitate
1789 553 1860 617 in
1907 552 2234 635 obsequio
2288 551 2539 630 retinet,
2622 549 2735 617 21.

541 661 930 744 animosque
957 658 1208 723 artibus
1236 663 1304 722 et
1323 651 1773 740 voluptatibus
1799 656 2031 720 mollit.

623 759 739 826 22.
769 761 877 826 23.
909 760 1116 826 Nova
1139 759 1475 844 expeditio
1496 778 1711 823 novas
1736 762 1963 841 gentes
1983 757 2219 841 aperit,
2243 776 2398 842 quae
2424 751 2739 840 praesidio

542 860 903 926 firmantur.
987 860 1327 944 Agricola>
1371 858 1620 923 candor
1645 861 1716 924 in
1745 859 2288 924 communicanda
2314 858 2543 940 gloria.
2629 857 2739 922 24.

545 960 912 1029 Consilium
981 964 1066 1028 de
1124 962 1520 1046 occupanda
1572 961 1925 1026 Hibernia.
2060 960 2342 1025 26—27.
2415 958 2741 1024 civitates

543 1071 723 1130 trans
773 1065 1163 1142 Bodotriam
1212 1064 1361 1130 sitae
1421 1063 1866 1146 explorantur.
1974 1060 2342 1139 Caledonii,
2394 1058 2741 1124 Romanos

546 1166 868 1250 aggressi,
897 1167 1174 1232 consilio
1201 1166 1535 1248 ductuque
1563 1162 1898 1246 Agricolae
1929 1163 2129 1247 pulsi,
2180 1161 2535 1228 sacrificiis
2583 1179 2740 1226 con-

546 1268 982 1351 spirationem
1032 1268 1370 1335 civitatum
1424 1266 1749 1333 sanciunt.
1876 1265 1986 1331 28.
2060 1264 2445 1350 Usipiorum
2500 1263 2741 1328 cohors

542 1370 713 1434 miro
744 1390 910 1436 casu
957 1370 1365 1435 Britanniam
1416 1369 1882 1433 circumvecta.
1981 1365 2311 1450 Agricolae
2354 1364 2533 1430 filius
2576 1364 2741 1428 obit.

545 1463 659 1537 29.
688 1471 946 1536 Bellum
970 1472 1271 1536 Britanni
1300 1475 1613 1564 reparant
1634 1469 1928 1553 Calgaco
1957 1469 2151 1548 duce,
2176 1468 2370 1553 cujus
2453 1463 2741 1533 30—32.

457 1595 468 1615 ·
547 1574 766 1639 oratio
812 1574 898 1638 ad
948 1592 1131 1638 suos.
1231 1553 1341 1639 33.
1365 1571 1477 1638 34.
1523 1572 1867 1637 Romanos
1911 1588 2183 1654 quoque
2227 1561 2518 1634 hortatur
2548 1565 2744 1648 Agri-

548 1674 722 1740 cola.
834 1674 1118 1740 85—37.
1163 1672 1381 1738 Atrox
1431 1680 1499 1739 et
1550 1676 1887 1739 cruentum
1937 1670 2260 1755 praelium.
2372 1669 2480 1734 38.
2528 1668 2745 1732 Penes

549 1769 897 1842 Romanos
921 1775 1230 1841 victoria.
1345 1772 1670 1858 Agricola
1700 1774 2109 1839 Britanniam
2137 1770 2543 1838 circumvehi
2571 1790 2745 1854 prae·

548 1878 734 1961 cipit.

633 1978 744 2043 39.
793 1976 1240 2058 DomitianuS,
1286 1978 1502 2043 fronte
1550 1978 1772 2056 laetus,
1824 1983 2093 2062 pectore
2138 1977 2401 2055 anxius,
2446 1974 2747 2039 nuntium

546 2078 845 2145 victoriae
874 2081 1145 2163 excipit.
1233 2081 1341 2145 40.
1388 2080 1707 2147 Honores
1734 2085 1949 2145 tamen
1976 2076 2317 2163 Agricolae
2342 2077 2605 2142 decerni
2633 2075 2748 2160 ju-

549 2181 687 2258 bet,
734 2179 1009 2245 condito
1056 2181 1239 2260 odio,
1286 2181 1500 2246 donec
1546 2184 1889 2267 provincia
1932 2180 2216 2246 decedat
2241 2177 2582 2261 Agricola.
2675 2176 2748 2241 Is

549 2281 770 2346 redux
811 2281 1114 2348 modeste
1162 2283 1318 2370 agit.
1428 2285 1538 2350 41.
1585 2283 1970 2350 Periculum
2018 2284 2105 2347 ab
2144 2280 2643 2346 accusatoribus
2686 2285 2750 2343 et

551 2382 1026 2452 laudatoribus,
1138 2383 1248 2449 42.
1303 2383 1613 2451 Excusat
1670 2405 1769 2462 se,
1828 2404 1910 2447 ne
1964 2381 2376 2467 provinciam
2434 2381 2751 2454 sortiatur

551 2485 944 2551 Proconsul.
1032 2487 1140 2552 43.
1188 2485 1352 2552 Obit
1377 2507 1511 2552 non
1540 2489 1686 2553 sine
1712 2488 1946 2551 veneni
1993 2484 2393 2569 suspicione,
2422 2503 2466 2547 a
2514 2481 2750 2547 Domi-

552 2588 740 2651 tiano
786 2587 944 2651 dati.
1049 2589 1157 2652 44.
1212 2587 1379 2671 Ejus
1427 2595 1615 2667 oetas,
1651 2588 1943 2665 habituS,
1985 2588 2299 2665 honoreS,
2349 2603 2536 2669 opeS.
2641 2583 2753 2647 45.

555 2685 800 2751 Mortis
832 2688 1299 2770 opportunitas
1330 2693 1480 2752 ante
1511 2688 1875 2753 Domitiani
1906 2687 2305 2752 atrocitates.
2391 2685 2501 2751 46.
2535 2683 2752 2764 Ques-

549 2793 661 2856 tus
688 2788 979 2854 auctoris
1025 2795 1098 2853 et
1142 2810 1232 2856 ex
1258 2790 1500 2856 virtute
1529 2789 1786 2856 solatia.
1877 2788 2091 2853 Fama
2114 2786 2450 2871 Agricolae
2479 2787 2567 2851 ad
2599 2805 2753 2870 pos-

551 2893 725 2955 teros
753 2892 1167 2957 transmissa.

557 3132 1020 3227 CLARORUM
1049 3161 1339 3228 virorum
1367 3163 1543 3228 facta
1581 3181 1928 3248 moresque
1956 3163 2242 3246 posteris
2275 3161 2559 3241 tradere,
2590 3143 2757 3230 anti-

559 3262 818 3348 quitus·
838 3263 1182 3345 usitatum,
1207 3283 1291 3329 ne
1333 3267 1572 3331 nostris
1611 3265 1879 3351 quidem
1916 3265 2343 3350 temporibus,
2375 3283 2759 3350 quanquam

567 3423 1109 3479 ·Iusaerimvtrorum
1141 3444 1217 3480 res
1245 3436 1408 3493 gam
1441 3446 1682 3497 moresque
1708 3433 1983 3497 meritati
2016 3432 2357 3494 commendare,
2379 3430 2485 3491 jam
2520 3430 2636 3480 olim
2670 3443 2761 3479 m

554 3493 791 3554 receptum
826 3489 948 3556 fuit,
982 3501 1038 3544 et
1071 3493 1124 3544 id
1162 3509 1221 3544 ne
1257 3501 1420 3546 nostro
1450 3498 1640 3561 quidem
1673 3513 1792 3562 ατο,
1829 3497 2043 3562 quamvis
2072 3497 2307 3547 memnon
2340 3467 2762 3557 ἐαοηιιιίηιφὺη

1552 3628 1766 3681 Nom-2

622 3723 832 3775 mellus
863 3726 966 3791 hic,
1000 3729 1044 3777 si
1078 3728 1191 3795 quis
1224 3732 1375 3794 alius,
1394 3746 1520 3782 vere
1542 3732 1618 3782 di·
1765 3731 1941 3799 Atque
1964 3731 2092 3783 obiit
2108 3729 2353 3796 Agricola
2376 3728 2630 3793 Pompelo
2647 3727 2767 3778 Onl-

553 3809 742 3865 senus,
756 3815 881 3852 vere
903 3804 1390 3873 prudens,scriptus
1409 3810 1620 3860 videtur
1697 3811 1819 3876 lega
1854 3817 1911 3860 et
1945 3809 2102 3860 Corn.
2134 3808 2335 3873 Prisco,
2372 3806 2515 3858 Coss.
2550 3805 2630 3855 uti
2666 3807 2764 3856 hnc

555 3877 654 3928 sub
675 3877 813 3929 idem
835 3886 1039 3944 tempus
1062 3896 1179 3932 cum
1201 3884 1291 3933 illo
1313 3884 1380 3934 de
1401 3885 1618 3936 Germa-
1699 3886 1923 3950 ratione,
1946 3884 2193 3947 scriptum
2218 3890 2490 3972 syntagma
2522 3882 2623 3931 hoc
2654 3894 2766 3930 esse

552 3955 676 4004 nis:
745 3957 826 4005 vel
872 3963 1018 4006 certe
1058 3957 1192 4008 haud
1243 3960 1398 4024 longe
1450 3975 1619 4014 secus.
1700 3966 1942 4026 oporteat
1979 3975 2037 4009 su
2022 3961 2076 4010 ib
2113 3959 2278 4022 ipsum
2316 3959 2387 4008 im
2373 3958 2520 4008 tium
2558 3957 2763 4022 imperii

555 4031 691 4081 Nam
714 4030 1050 4094 quadriennio
1084 4042 1201 4097 post
1223 4042 1443 4087 mortem
1464 4036 1620 4102 Agri·
1694 4037 1922 4103 mjani.
1988 4034 2195 4100 Lipsius.

554 4107 685 4160 cole
717 4107 853 4158 hunc
872 4111 1201 4161 contexuisse
1235 4111 1444 4165 videtur
1465 4112 1619 4164 Taci—
1761 4113 2057 4177 *ἵκω-ε,
2076 4109 2362 4174 antiquina]
2423 4108 2553 4159 Sero
2593 4114 2767 4164 men

554 4189 657 4241 uns,
692 4184 808 4248 ipso
843 4184 1050 4252 quidem
1083 4187 1273 4253 indice,
1309 4188 1406 4240 hoc
1444 4189 1619 4241 libro.
1695 4189 2016 4253 scripserunt
2042 4148 2316 4237 historiam
2352 4185 2591 4246 Romani,
2627 4192 2767 4238 teste

553 4258 572 4286 ‘
599 4257 761 4307 Nobis
797 4267 906 4311 tem
940 4262 1108 4329 longae
1153 4264 1402 4315 absentioe
1442 4264 1618 4316 condi·
1696 4265 1910 4315 sueton.
1949 4263 2014 4314 de
2053 4262 2138 4313 Ill.
2171 4262 2403 4312 Gramm.
2426 4265 2478 4312 2.
2512 4262 2765 4313 ‘Primus

555 4332 855 4398 &nemine
879 4338 1266 4404 quadriennium
1288 4339 1506 4400 amissus
1526 4342 1619 4394 es?
1693 4339 1873 4407 igitur,
1908 4345 2153 4406 quantum
2195 4337 2483 4402 opinamur,
2527 4337 2757 4390 studium
